2564 4410
478 245 727 303 FRAGMENTA.

102 736 105 743 ’
169 771 423 847 CORNELII
443 767 668 837 Naroma
690 768 1025 838 FRAGMENTA.

251 945 301 991 Ex
319 944 502 991 EPISTOLA
522 942 772 991 GRACCHORUM
790 944 935 992 MATRIS.

139 1115 166 1179 I.
193 1114 293 1179 Dices
306 1113 473 1199 pulchrum
486 1134 556 1177 esse
574 1112 717 1178 inimicos
731 1112 849 1177 ulcisci.
875 1113 910 1178 id
925 1135 1028 1199 neque
1040 1137 1107 1178 ma-
1144 1139 1157 1180 1

85 1210 136 1275 ius
154 1229 256 1292 neque
274 1207 434 1293 pulchrius
453 1206 599 1289 cuiquam
616 1215 709 1291 atque
727 1207 804 1271 mihi
817 1229 887 1272 esse
900 1207 1031 1284 videtur,
1051 1207 1108 1272 sed

68 1344 71 1349 ‹
86 1304 113 1368 si
130 1302 222 1367 liccat
235 1323 268 1366 re
280 1299 408 1386 publica
421 1299 509 1365 salva
521 1322 558 1365 ea
574 1300 730 1385 persequi.
759 1301 815 1364 sed
828 1308 982 1384 quatenus
995 1300 1028 1364 id
1040 1300 1109 1365 fieri

85 1419 149 1461 non
165 1419 207 1482 po
209 1405 278 1474 ttes
257 1395 427 1460 ttotmul
377 1406 552 1481 otempore
569 1395 657 1459 mult'
636 1405 738 1478 traque
755 1394 927 1480 partibus
918 1395 1035 1460 mimici
1052 1418 1109 1460 no·
1189 1469 1195 1479 ἱ

86 1491 141 1554 stri
158 1512 222 1554 non
234 1488 381 1574 peribunt
393 1496 425 1552 at
426 1510 497 1571 que,
515 1489 562 1553 uti
578 1511 662 1554 nunc
675 1497 759 1566 sunt,
777 1501 868 1554 erunt
879 1489 993 1576 potius,
1012 1511 1107 1613 quam

84 1606 135 1649 res
153 1583 280 1668 publica
296 1583 441 1668 profliget
442 1604 479 1645 ιιι·
496 1593 589 1666 atque
606 1593 722 1668 pereat.

472 1752 572 1805 Eadem
585 1754 638 1809 alio
653 1755 720 1806 loco.

135 1865 251 1930 Verbis
270 1866 427 1952 conceptis
445 1867 584 1932 deierare
606 1865 720 1942 ausim,
743 1875 961 1950 praeterquam
980 1865 1035 1949 qui
1053 1865 1107 1929 Ti·
1143 1883 1157 1928 a
1197 1921 1199 1925 .

68 1959 206 2025 ¹berium
229 1957 409 2026 Gracchum
429 1970 593 2036 necarunt,
620 1959 778 2024 neminem
798 1959 959 2023 inimicum
985 1968 1107 2022 tantum

84 2053 246 2118 molestiae
264 2063 446 2138 tantumque
469 2053 584 2119 laboris
603 2062 755 2136 quantum
777 2063 808 2117 te
826 2052 866 2119 ob
884 2053 942 2117 has
959 2075 1010 2117 res
1028 2052 1106 2117 mihi

84 2147 265 2226 tradidisse3
284 2169 378 2231 quern
395 2146 560 2234 oportebat
576 2148 716 2212 omnium
734 2169 857 2226 eorum,
875 2169 955 2232 quos
973 2148 1105 2213 antehac

84 2241 180 2306 habui
193 2241 318 2318 liberos,
336 2251 440 2327 partes
454 2264 563 2307 eorum
577 2242 708 2307 tolerare
721 2251 814 2326 atque
827 2263 945 2318 curare,
963 2251 1107 2326 utquam

84 2335 249 2400 minimum
267 2335 482 2401 sollicitudinis
499 2337 534 2400 in
552 2345 677 2400 senecta
693 2336 851 2412 haberem,
869 2335 987 2419 utique,
1011 2356 1106 2417 quae-

83 2450 219 2513 cumque
236 2451 357 2516 ageres,
376 2452 414 2495 ea
430 2429 528 2494 velles
546 2429 682 2494 maxime
698 2429 776 2493 mihi
792 2428 930 2514 placere,
948 2437 1042 2512 atquc
1061 2427 1106 2491 uti

82 2521 173 2588 nefas
191 2523 323 2588 haberes
337 2546 441 2588 rerum
453 2522 606 2588 maiorum
620 2523 787 2587 adversum
800 2543 904 2586 meam
921 2522 1105 2586 sententiam

82 2617 255 2700 quidquam
277 2617 395 2696 facere,
417 2617 601 2703 praesertim
622 2616 713 2695 mihi,
741 2617 792 2681 cui
811 2638 910 2701 parva
930 2638 1003 2701 pars
1021 2615 1104 2680 vitae

83 2721 235 2795 superest.
262 2733 301 2775 ne
318 2711 352 2774 id
364 2711 490 2794 quidem
504 2722 568 2776 tam
576 2711 671 2776 breve
685 2710 819 2795 spatium
832 2719 936 2795 potest
949 2708 1103 2794 opitulari,
1141 2732 1155 2778 3

83 2805 159 2887 quin
173 2804 294 2868 etmihi
311 2805 476 2870 adversere
489 2815 520 2870 et
536 2804 773 2890 rempublicam
786 2803 952 2890 prodigas?
969 2802 1104 2886 denique

83 2918 164 2980 quae
181 2919 281 2982 pausa
299 2899 374 2962 erit?
392 2899 552 2983 ecquando
567 2899 688 2963 desinet
700 2897 819 2962 familia
830 2905 937 2961 nostra
949 2895 1105 2961 insanire?

81 2991 246 3073 ecquando
267 2992 380 3057 modus
403 2994 432 3058 ei
448 2993 494 3058 rei
514 2993 623 3058 haberi
643 2991 775 3078 poterit?
797 2991 959 3075 ecquando
980 2991 1104 3054 desine-

82 3106 154 3148 mus
164 3094 195 3148 et
203 3084 354 3151 habentes
364 3098 395 3151 ct
402 3087 587 3173 praebentes
597 3086 748 3152 molestiis
758 3085 928 3150 desistere?
940 3084 1103 3167 ecquando

77 3178 290 3262 ‘perpudescet
311 3180 471 3245 miscenda
493 3191 586 3265 atque
602 3180 813 3266 perturbanda
829 3201 863 3243 re
880 3176 1024 3264 publica?
1046 3176 1116 3241 sed
1138 3201 1154 3244 4
1217 3196 1224 3209 ·

83 3271 111 3334 si
128 3272 254 3337 omnino
272 3273 306 3337 id
322 3274 390 3337 fieri
406 3297 470 3338 non
486 3284 604 3360 potest,
627 3273 682 3339 ubi
700 3295 759 3360 ego
777 3281 899 3338 mortua
917 3293 982 3348 ero,
1005 3271 1102 3356 petito

74 3364 288 3457 tribunatum
310 3389 368 3453 per
388 3391 439 3433 me
457 3368 566 3446 facito,
590 3368 675 3453 quod
691 3365 824 3444 lubebit,
847 3388 944 3450 quum
962 3387 1022 3451 ego
1039 3388 1103 3431 non

79 3459 224 3525 sentiam.
242 3461 297 3526 ubi
310 3474 432 3527 mortua
441 3484 503 3540 ero,
516 3461 695 3548 parentabis
708 3461 785 3525 mihi
795 3471 825 3525 et
837 3459 998 3525 invocabis
1009 3460 1103 3524 deum

78 3563 251 3636 parentem.
277 3556 311 3619 in
323 3577 360 3621 eo
373 3566 512 3641 tempore
529 3578 593 3621 non
605 3555 702 3642 pudet
715 3566 746 3620 te
760 3577 867 3619 corum
881 3555 975 3618 deum
990 3576 1100 3640 preces

77 3655 241 3730 expetere,
266 3670 344 3732 quos
362 3648 452 3713 vivos
475 3659 569 3738 atque
585 3659 766 3734 praesentes
789 3647 913 3713 relictos
937 3658 1030 3732 atque
1047 3648 1101 3711 de-

77 3750 181 3804 sertos
199 3741 356 3807 habueris.
383 3765 423 3806 nc
436 3743 488 3808 ille
503 3743 570 3806 sirit
582 3742 724 3828 Iuppiter
737 3752 767 3806 te
781 3764 818 3806 ca
830 3763 1030 3827 perseverare
1042 3762 1101 3803 nec

78 3833 137 3898 tibi
154 3843 273 3900 tantam
286 3837 474 3901 dementiam
487 3837 593 3901 venire
605 3837 639 3900 in
652 3836 841 3901 animume
843 3836 895 3900 tsi
843 3847 1099 3920 tperseveras‚

77 3949 198 4006 vereor,
216 3951 256 3994 ne
273 3929 307 3994 in
324 3953 448 3997 omnem
460 3932 557 3995 tilam
575 3939 641 3995 tant
642 3954 696 3994 um
712 3930 828 3996 laboris
843 3930 935 4013 culpa
951 3939 1006 3992 tua
1022 3928 1100 3993 reci-

76 4020 158 4107 pias,
177 4023 223 4087 uti
240 4023 273 4087 in
290 4025 375 4091 nullo
393 4035 616 4112 temporee
550 4034 646 4090 tute
585 4023 690 4090 ttibi
706 4025 830 4110 placere
848 4023 961 4109 possis.

132 4121 333 4179 eornettusn’epoa
878 4123 900 4175 'i
