2564 4410
105 207 148 307 98
188 207 202 292 31
212 208 219 299 j
305 218 486 277 oosuuuu
499 216 934 278 unromsuaAourm‘uA.

289 431 339 476 Ex
357 429 470 477 LIBRO
488 430 536 475 DE
554 429 769 478 HISTORICIS
788 431 949 478 LATINIS.

477 511 521 563 De
531 511 608 564 laude
618 511 758 565 Ciceronis.

156 617 201 680 H.
228 616 300 681 Non
320 616 464 702 ignorare
486 613 598 693 debes,
620 637 719 681 unum
741 617 924 704 hoc'genus
942 618 1131 685 Latinarum

106 711 278 775 litterarum
295 709 398 775 adhue
414 732 479 774 non
495 708 589 774 modo
607 731 670 774 non
686 711 876 797 respondere
891 702 1054 791 Graeciae,
1074 715 1131 779 sed

107 803 233 870 omnino
254 804 332 869 rude
354 800 449 887 atque
470 801 651 867 inchoatum
672 812 771 869 morte
790 802 952 871 Ciceronis
975 807 1128 873 relietum.

106 899 158 962 ille
177 899 260 963 enim
277 897 337 962 fuit
353 893 461 975 unus,'
474 896 529 979 qui
549 896 686 981 potuerit
703 907 735 962 et
756 897 850 963 etiam
867 899 1011 964 debuerit
1032 901 1131 967 histo-

105 993 185 1058 riam
207 993 303 1079 digna
324 1014 402 1057 voce
422 991 637 1077 pronuntiare:
664 992 781 1078 quippe
802 993 857 1077 qui
874 995 1042 1059 oratoriam
1064 994 1129 1061 elo-

40 1098 43 1104 '
106 1087 266 1171 quantiam
282 1087 393 1152 rudem
406 1109 425 1151 a
438 1084 608 1151 maioribus
626 1095 788 1172 acceptam
799 1087 1009 1177 perpoliverit,
1028 1088 1130 1173 philo-

105 1181 250 1268 sophiam
271 1193 345 1246 ante
367 1202 440 1246 eum
460 1181 652 1265 incomptam
673 1179 824 1246 Latinam
846 1204 905 1246 sua
927 1181 1129 1247 conformarit

103 1269 253 1341 oratione.
284 1297 324 1340 ex
341 1296 404 1359 quo
422 1273 545 1352 dubito,
568 1273 694 1338 interitu
716 1275 784 1339 eius
806 1283 911 1340 utrum
928 1297 979 1340 res
1001 1274 1149 1362 publica·

105 1392 146 1434 an
163 1369 293 1435 historia
309 1369 411 1455 magis
430 1366 543 1432 doleat
968 1378 972 1386 '

155 1464 316 1549 Locuples
339 1485 376 1528 ao
397 1461 503 1526 divina
524 1471 649 1539 natura,
677 1483 739 1545 quo
761 1462 911 1528 maiorem
934 1463 984 1528 sui
1002 1473 1129 1549 pareret

105 1557 342 1623 admirationem
358 1555 639 1642 ponderatioraque
654 1578 712 1621 sua
724 1566 831 1624 essent
843 1555 1004 1635 beneficia,
1022 1578 1128 1640 neque

104 1652 160 1716 uni
177 1653 282 1717 omnia
299 1652 373 1717 dare
391 1671 450 1715 neo
467 1672 576 1715 rursus
595 1649 741 1735 cuiquam
751 1650 864 1716 'omnia
885 1651 984 1716 voluit
999 1671 1128 1737 negare.

302 1841 352 1886 ux
370 1839 563 1887 u1’1sron1s
582 1839 631 1884 nu
649 1839 686 1885 Μ.
707 1839 928 1886 cicnuouuu.

504 1920 552 1985 De,
557 1921 728 1991 philosophia.

153 2027 215 2090 III.
243 2026 381 2090 Tantum
398 2025 497 2103 abest,
516 2034 551 2089 ut
564 2046 625 2111 ego
637 2024 821 2110 magistram
834 2046 904 2090 esse
921 2034 1030 2111 putem
1042 2023 1129 2089 vitae

102 2120 333 2206 philosophiam
355 2119 528 2203 beataeque
545 2119 628 2183 vitae
644 2118 875 2203 perfectuum,
893 2129 929 2183 ut
946 2118 1040 2182 nullis
1058 2141 1127 2182 ma-

103 2215 153 2302 gis
167 2214 343 2279 existimem
355 2235 435 2298 opus
450 2233 520 2278 esse
533 2212 701 2300 magistros
710 2212 836 2277 vivendi
849 2233 945 2295 quam
956 2210 1128 2298 plexisque,

102 2309 157 2392 qui
173 2309 207 2373 in
224 2330 262 2373 ea
279 2306 468 2393 disputanda
483 2314 657 2371 versantur.
683 2305 776 2371 video
790 2305 874 2371 enim
887 2327 1037 2392 magnam
1052 2326 1126 2391 par-

101 2414 165 2468 tem
183 2425 306 2480 eorum,
329 2401 384 2486 qui
400 2401 434 2465 in
452 2400 560 2467 schola
584 2399 623 2466 de
640 2400 760 2487 pudore
778 2410 809 2466 et
826 2400 1015 2466 continentia
1034 2421 1127 2486 prae-

103 2497 220 2582 cipiant
236 2495 447 2582 argutissime,
466 2495 594 2561 eosdem
606 2494 645 2575 'in
662 2494 802 2559 omnium
818 2493 983 2560 libidinum
1005 2491 1127 2579 cupidi·

101 2588 219 2655 tatibus
237 2591 352 2654 vivere.
