2564 4410
506 236 687 306 Phocion.
822 306 826 312 ,
1070 239 1115 319 69Ι

136 368 198 433 ΙΠ.
225 367 325 432 Erant
343 388 381 431 eo
394 375 535 450 tempore
543 363 681 429 Athenis
696 363 777 429 duae
795 363 958 444 sactiones,
977 387 1110 450 quarum
1129 389 1143 436 1
1237 422 1240 427 .

84 487 149 528 una
160 463 268 549 populi
281 453 563 546 caussam'agebat
583 458 680 523 altera
693 458 899 543 optimatium.
924 459 958 525 in
971 460 1031 526 hac
1044 473 1110 527 erat

83 556 226 622 Phocion
244 564 275 619 et
282 553 465 619 Demetrius
474 550 657 616 Phalereus.
684 551 796 616 harum
813 561 946 637 utraque
957 551 1114 621 Macedo·

83 672 161 715 num
181 647 362 735 patrociniis
384 646 543 712 utebatur:
566 670 639 711 nam
660 645 828 731 populares
846 644 1109 734 Polysperchonti

83 744 241 820 favebant,
261 743 426 829 optimates
445 764 517 806 cum
537 739 717 806 Cassandro
735 738 920 825 sentiebant.
946 742 1071 808 interim
1089 765 1141 810 aa
1205 726 1208 747 ⁶

82 836 350 924 Polysperohonte
378 834 577 901 Cassandrus
602 833 792 900 Macedonia
816 835 927 921 pulsus
952 845 1009 902 est
1045 858 1107 922 quo

82 932 167 996 facto
184 929 318 1017 populus
338 930 479 1015 superior
496 929 598 995 sactus
617 929 722 994 statim
736 928 832 994 duce's
846 928 1043 996 adversariae
1060 932 1108 995 fa-

84 1024 196 1090 ctionis
213 1024 323 1109 capitia
342 1024 507 1088 damnatos
524 1022 626 1108 patria
637 1022 784 1108 propulit,
802 1022 837 1087 in
853 1022 903 1089 his
911 1021 1106 1089 Phocionem

83 1130 114 1184 et
130 1118 328 1184 Demetrium
345 1117 549 1194 Phalereum,
574 1117 676 1201 deque
698 1138 736 1181 ea
756 1138 790 1181 re
812 1117 933 1204 legatos
951 1119 993 1183 ad
1009 1116 1107 1205 Poly-

83 1212 300 1299 sperchontem
318 1211 411 1288 misit,
430 1211 484 1295 qui
498 1210 538 1276 ab
552 1232 591 1277 eo
606 1218 757 1296 peterent,
775 1218 810 1274 ut
823 1233 882 1276 sua
895 1211 1020 1278 decreta
1033 1235 1107 1278 con-

81 1307 227 1371 firmaret.
253 1304 317 1371 huo
334 1307 445 1371 eodem
461 1305 621 1392 profectus
640 1314 689 1370 est
696 1303 848 1370 Phocion.
876 1327 939 1389 quo
956 1315 993 1370 ut
1009 1307 1104 1385 venit,
1125 1324 1139 1371 3

81 1423 227 1465 caussam
252 1401 337 1486 apud
352 1398 538 1486 Philippum
562 1420 672 1487 regem
693 1398 804 1477 verbo,
830 1421 865 1464 re
886 1399 958 1485 ipsa
979 1399 1106 1484 quidem

80 1495 165 1580 apud
181 1492 484 1580 Polysperchontem
501 1494 608 1559 iussus
626 1502 676 1558 est
693 1493 812 1558 dicere:
834 1515 970 1578 namque
987 1495 1015 1559 is
1038 1504 1105 1560 tum
1232 1554 1235 1559 .

80 1590 166 1676 regis
182 1589 277 1654 rebus
294 1597 445 1673 praeerat.
472 1586 524 1651 hio
542 1587 581 1652 ab
600 1586 739 1673 Agnone
757 1598 933 1666 accusatus,
952 1590 1038 1672 quod
1050 1587 1105 1653 Pi·
1123 1607 1140 1653 4
1203 1646 1206 1651 ,

78 1704 189 1747 rasum
201 1681 349 1747 Nicanori
365 1680 564 1765 prodidisset,
583 1701 623 1745 ex
641 1681 762 1746 consilii
780 1682 934 1746 sententia
949 1683 983 1746 in
1000 1691 1106 1747 custo-

17 1812 20 1817 ·
79 1777 165 1840 diam
183 1775 351 1858 coniectus,
370 1773 514 1840 Athenas
528 1775 680 1840 deductus
695 1784 752 1853 est,
770 1784 806 1839 ut
818 1774 863 1839 ibi
876 1775 916 1839 de
930 1796 967 1840 eo
980 1775 1104 1861 legibus

78 1870 168 1935 fieret
183 1869 343 1933 iudicium.

52 1978 56 1985 “
129 1961 188 2028 IV.
215 1961 290 2027 Huc
307 1972 492 2048 perventum
510 1971 567 2041 est,
587 1985 658 2028 cum
675 1971 803 2049 propter
819 1970 952 2027 aetatem
969 1960 1103 2048 pedibus
1123 1984 1136 2030 1

77 2058 141 2122 iam
158 2078 221 2121 non
238 2056 356 2142 valeret
373 2057 578 2141 vehiculoque
594 2066 779 2143 portaretur.
806 2056 914 2143 magni
932 2077 1102 2122 concursus

79 2160 151 2216 sunt
168 2150 257 2228 facti,
282 2173 354 2215 cum
371 2151 437 2229 alii,
460 2152 695 2217 reminiscentes
713 2150 827 2216 veteris
849 2150 968 2229 famae,
991 2151 1102 2216 aetatis

77 2245 309 2324 misererentur,
332 2244 458 2331 plurimi
475 2268 550 2312 vero
572 2245 619 2311 ira
636 2254 861 2311 exacuerentur
882 2257 1010 2331 propter
1030 2267 1103 2330 pro-

77 2339 202 2404 ditionis
230 2340 441 2425 suspicionem
460 2338 581 2418 Piraei,
605 2340 804 2424 maximeque
835 2339 920 2423 quod
950 2340 1101 2405 adversus

76 2433 185 2519 populi
199 2434 365 2499 commoda
381 2435 415 2498 in
433 2443 593 2500 senectute
607 2444 742 2499 steterat.
771 2434 886 2518 quade
903 2455 938 2498 re
955 2454 995 2497 ne
1012 2454 1102 2518 pero-
1120 2455 1135 2501 a

74 2528 165 2592 randi
182 2528 309 2612 quidem
323 2528 352 2593 ei
369 2529 442 2594 data
456 2537 504 2594 est
521 2528 654 2594 facultas
673 2539 705 2593 et
718 2527 842 2593 dicendi
854 2548 1009 2593 caussam.
1028 2527 1102 2591 inde

75 2622 190 2688 iudicio
212 2621 360 2708 legitimis
383 2623 573 2709 quibusdam
595 2623 746 2689 confectis
765 2622 945 2700 damnatus,
967 2621 1100 2686 traditus
1170 2684 1175 2694 ,

76 2725 127 2780 est
146 2716 383 2796 undecimviris,
411 2717 525 2801 quibus
548 2717 590 2783 ad
612 2716 800 2804 supplicium
822 2738 908 2782 more
925 2715 1101 2780 Athenien·
1216 2788 1220 2797 ¹

75 2810 158 2875 sium
182 2809 307 2896 pubhce
330 2811 469 2876 damnati
491 2812 572 2877 tradi
599 2811 708 2876 solent.
740 2811 793 2875 hic
814 2831 887 2876 cum
904 2811 946 2875 ad
966 2819 1133 2876 mortens
1218 2896 1221 2901 1

74 2904 251 2983 duceretur,
270 2905 382 2971 obvius
401 2902 431 2970 ei
448 2906 509 2971 fuit
524 2905 730 2991 Euphiletus,
753 2927 815 2989 quo
838 2904 1033 2970 familiariter
1048 2904 1101 2968 fu·
1212 2968 1214 2975 Α

74 3007 141 3063 erat
149 3020 235 3064 usus.
257 2999 368 3066 iscum
380 3000 546 3067 lacrimans
561 3001 705 3066 dixisset:
725 2997 883 3084 „Oquam
892 2999 1100 3085 indignaper-

71 3091 198 3177 peteris,
207 3091 384 3160 Phocionl“
398 3095 472 3160 huic
484 3094 537 3159 ille
552 3093 877 3179 „Atnoninopinata“
887 3093 999 3177 inquit.
1015 3092 1100 3157 hunc

72 3185 158 3250 enim
176 3186 295 3251 exitum
312 3187 453 3273 plerique
467 3188 542 3254 clari
556 3188 615 3253 viri
632 3187 809 3253 habuerunt
816 3185 1038 3252 Athenienses.
1065 3187 1100 3250 in
1116 3207 1133 3253 4

71 3278 134 3344 hoo
145 3288 266 3346 tantum
279 3281 340 3346 fnit
353 3282 461 3348 odium
473 3282 691 3360 multitudinis,
710 3290 746 3345 ut
758 3302 852 3347 nemo
865 3303 961 3346 ausus
972 3280 1012 3344 ait
1026 3302 1098 3345 eum

70 3373 152 3438 liber
169 3364 310 3460 sepelire.
337 3376 443 3460 itaque
461 3400 480 3442 a
499 3378 597 3443 servis
617 3375 757 3462 sepultus
776 3384 834 3440 est.

286 3631 290 3639 ,
379 3597 462 3663 XX.
499 3594 793 3665 TIMOLEON.

120 3748 148 3813 l.
177 3749 344 3817 Timoleon
367 3749 559 3817 Corinthius.
591 3752 659 3818 sine
681 3751 777 3817 dubio
799 3772 934 3836 magnus
957 3746 1095 3813 omnium
1115 3770 1128 3816 1

67 3843 184 3909 iudicio
207 3844 260 3910 hio
277 3845 325 3910 vir
347 3846 474 3911 exstitit.
509 3867 646 3930 namque
667 3845 741 3910 huic
762 3845 817 3910 uni
841 3839 984 3937 contigit,
1011 3841 1096 3924 quod

68 3938 177 4004 nescio
195 3962 235 4004 an
253 3938 323 4017 ulli,
345 3949 430 4006 utet
450 3940 597 4026 patriam,
619 3940 654 4005 in
670 3960 734 4024 qua
755 3948 821 4004 erat
836 3945 944 4014 natus,
968 3955 1096 4021 oppres-

71 4053 178 4099 sama
200 4045 332 4122 tyranno
353 4035 512 4115 liberaret,
540 4044 571 4101 et
593 4059 613 4100 a
632 4032 814 4122 Syracusis,
841 4030 955 4116 quibus
978 4029 1094 4096 auxilio
