2564 4410
61 270 64 275 ¹
137 194 158 258 6
427 266 430 271 ¹
460 198 644 257 CORNELII
661 200 827 258 NEPOTIS

102 344 119 392 t
136 344 193 387 nas
209 342 326 406 magna
343 338 415 391 cum
432 316 604 381 offensione
621 316 737 382 civium
759 339 886 383 suorum
906 319 1030 384 rediret.
1062 340 1160 387 accu-

137 420 223 481 satus
245 434 319 500 ergo
342 422 391 477 est
410 411 608 497 proditionis,
631 413 725 495 quod,
749 433 821 476 cum
838 412 955 477 Parum
974 435 1160 500 expugnare

134 517 257 596 posset,
285 531 305 572 a
324 529 400 593 rega
422 514 585 591 corruptus
607 505 731 571 infectis
752 504 846 571 rebus
865 506 1077 577 discessisset.
1118 531 1158 575 eo

135 614 274 688 tempore
287 623 381 688 aeger
394 609 459 665 erat
466 599 657 678 vulneribus,
675 600 802 684 quaein
815 601 1024 688 oppugnando
1038 603 1157 687 oppido

136 706 305 783 acceperat.
337 697 441 780 itaque
459 694 606 779 quoniam
620 695 688 780 ipse
705 716 762 780 pro
781 717 815 760 se
834 696 937 760 dicere
954 718 1018 759 non
1034 706 1156 781 posset,

103 790 232 863 everha
248 791 323 855 fecit
340 790 436 854 frater
453 790 519 854 eius
541 786 737 874 Stesagoras.
770 810 883 854 caussa
900 790 1025 875 cognita
1042 789 1157 875 capitis

135 884 297 951 absolutus
323 883 458 970 pecunia
482 883 630 949 multatus
653 891 714 960 est,
742 904 840 967 eaque
866 883 906 948 lis
928 883 1176 970 quinquaginta--

134 978 257 1044 talentis
276 978 440 1043 aestimata
456 987 517 1055 est,
536 986 670 1061 quantus
687 978 720 1041 in
737 976 872 1042 classem
889 987 1032 1062 sumptus
1049 978 1156 1045 factus

134 1081 209 1141 erat.
244 1072 326 1136 hanc
346 1071 511 1156 pecuniam
528 1072 613 1155 quod
635 1070 755 1136 solvere
772 1071 805 1135 in
821 1072 997 1157 praesentia
1013 1094 1077 1136 non
1098 1094 1158 1157 po-

134 1173 226 1243 terat,
254 1165 288 1228 in
313 1164 417 1229 vincla
441 1162 567 1249 publica
594 1165 752 1229 coniectus
776 1173 824 1229 est
844 1163 950 1250 ibique
971 1164 1054 1229 diem
1077 1164 1157 1231 obiit

135 1281 173 1323 su
195 1279 324 1322 remum.

102 1374 115 1418 1
173 1280 279 1414 pVTII.
306 1350 371 1415 Hic
389 1334 448 1414 etsi
465 1350 591 1414 crimine
604 1349 699 1415 Pario
717 1359 765 1415 est
782 1360 956 1429 accusatus,
976 1322 1081 1416 tamen
1093 1351 1158 1418 alia

135 1465 248 1509 caussa
273 1442 333 1506 fuit
364 1443 580 1508 damnationis.
621 1465 760 1527 namque
785 1442 996 1510 Athenienses
1027 1455 1158 1531 propter

11 1604 14 1611 ,
133 1537 290 1603 Pisistrati
307 1537 512 1622 tyrannidem,
532 1558 611 1621 quae
629 1538 737 1623 paucis
756 1538 844 1603 annis
864 1547 935 1603 ante
952 1538 1068 1616 fuerat,
1087 1561 1157 1604 om-

100 1630 231 1698 snium-
243 1630 357 1694 civium
376 1653 502 1696 suorum
519 1632 690 1716 potentiam
711 1631 964 1714 extimescebant.
991 1630 1155 1698 Miltiades

133 1723 266 1788 multum
291 1723 325 1788 in
349 1723 487 1809 imperiis
513 1726 698 1812 magnisque
728 1735 870 1790 versatus
896 1748 961 1790 non
990 1724 1158 1791 videbatur

133 1838 227 1902 posse
244 1839 315 1883 esse
331 1817 485 1904 privatus,
503 1819 686 1904 praesertim
705 1840 777 1883 cum
795 1818 1018 1883 consuetudine
1036 1819 1077 1883 ad
1094 1819 1156 1883 im·

14 1960 17 1965 -
102 1911 212 1997 aperii
238 1912 439 1996 cupiditatem
464 1912 545 1976 trahi
566 1911 731 1977 videretur.
767 1935 840 1977 nam
868 1909 930 1997 [in]
955 1910 1156 1978 Chersoneso

26 2090 29 2095 ¹
134 2027 242 2088 omnes
268 2006 338 2070 illos
360 2027 439 2089 quos
465 2004 631 2070 habitarat.
645 2028 743 2071 annos
768 2014 952 2092 perpetuam
978 2005 1156 2070 obtinuerat

133 2098 376 2164 dominationem
398 2108 611 2185 tyrannusque
632 2098 733 2164 fuerat
755 2100 943 2185 appellatus,
967 2100 1023 2163 sed
1040 2099 1154 2164 iustus.

133 2214 196 2256 non
214 2192 381 2256 eratenim
397 2193 429 2257 vi
447 2186 642 2271 consecutus,
663 2194 719 2257 sed
736 2215 865 2258 suorum
882 2192 1050 2270 voluntate,
1069 2215 1157 2259 eam-

133 2308 194 2371 que
211 2295 398 2371 potestatem
414 2286 552 2360 b'onitate
568 2286 730 2352 retinebat.
758 2309 866 2352 omues
884 2296 988 2352 autem
1002 2295 1033 2352 et
1045 2286 1157 2351 dicum

134 2391 184 2447 tur
201 2390 232 2446 et
244 2381 398 2447 habentur
415 2381 550 2466 tyranni,
575 2381 630 2465 qui
645 2390 799 2467 potestate
814 2390 886 2445 sunt
902 2390 1053 2466 perpetua
1063 2380 1099 2445 in
1116 2402 1156 2446 ea

98 2495 116 2540 4
134 2474 272 2553 civitate,
291 2497 371 2559 quae
392 2474 534 2540 libertate
551 2498 611 2540 usa
628 2485 685 2540 est.
713 2475 770 2540 sed
786 2476 820 2539 in
835 2475 980 2540 Miltiade
998 2483 1064 2538 erat
1081 2495 1155 2539 cum

134 2591 257 2656 summa
277 2568 468 2645 humanitas,
495 2579 563 2634 tum
584 2569 663 2633 mira
684 2569 904 2646 communitas,
927 2577 962 2632 ut
979 2590 1071 2632 nemo
1089 2576 1155 2632 tam
1210 2592 1213 2599 ·

132 2660 258 2725 humilis
286 2671 381 2738 esset,
414 2662 464 2726 cui
489 2684 552 2726 non
581 2662 622 2725 ad
648 2683 720 2726 eum
746 2661 849 2727 aditus
874 2671 1007 2747 pateret,
1038 2684 1156 2747 magna

133 2755 298 2820 auctoritas
321 2756 406 2841 apud
427 2777 536 2820 omnes
559 2755 713 2833 civitates,
739 2754 845 2820 nobile
866 2778 989 2832 nomen,
1016 2755 1155 2837 lausrei

134 2848 274 2913 militaris
301 2850 446 2914 maxima.
481 2849 560 2914 haec
588 2850 723 2936 populus
749 2850 918 2935 respiciens
945 2849 1054 2914 maluit
1079 2869 1154 2913 eum

132 2942 294 3006 innoxium
310 2941 404 3027 plecti
421 2965 515 3026 quam
534 2965 568 3008 se
586 2943 701 3009 diutius
720 2965 790 3009 esse
807 2943 841 3007 in
857 2944 976 3008 timore.

387 3164 431 3228 Π.
468 3110 892 3263 runnusrocnus.
974 3146 977 3151 ’

102 3338 114 3383 1
183 3316 210 3378 Ι.
238 3316 475 3394 Themistocles,
493 3317 602 3382 Neocli
619 3318 711 3394 filius,
726 3315 939 3383 Atheniensis
965 3318 1059 3383 huius
1078 3318 1156 3383 vitia

134 3409 269 3472 ineuntis
292 3410 519 3485 adolescentiae
541 3411 664 3496 maguis
691 3422 764 3475 sunt
785 3413 954 3497 emendata
973 3410 1153 3487 vimutibua

134 3503 213 3566 adeo
231 3511 266 3565 ut
283 3503 472 3569 anteferatur
487 3505 561 3570 huic
575 3508 681 3581 nemo,
692 3506 785 3590 pauci
802 3529 893 3592 pares
910 3514 1068 3591 putentur.
1096 3507 1154 3570 sed

18 3608 22 3615 '
101 3617 116 3662 2
134 3595 174 3662 ab
191 3595 279 3660 initio
293 3607 341 3661 est
354 3599 547 3663 ordiendum.
574 3607 663 3683 paler
674 3599 741 3663 eius
751 3599 883 3666 Neocles
897 3622 1068 3686 generosus
1083 3598 1154 3663 fuit.

133 3691 161 3756 is
178 3713 307 3756 uxorem
317 3689 516 3759 Acarnanam
535 3692 635 3758 civem
653 3693 750 3770 duxit,
770 3716 809 3759 ex
827 3717 889 3778 qua
906 3703 998 3758 natus
1012 3703 1059 3758 est
1069 3693 1155 3758 The-

133 3785 300 3851 mistocles.
327 3785 466 3869 quicum
483 3788 586 3853 minus
601 3797 684 3852 esset
696 3787 845 3872 probatus
858 3787 1050 3872 parentibus,
1069 3789 1154 3870 quod

134 3888 164 3943 et
181 3879 309 3945 liberius
331 3879 457 3945 vivebat
474 3890 505 3945 et
526 3904 592 3946 rem
614 3881 799 3947 familiarem
813 3881 1009 3972 negligebat,
1028 3905 1048 3945 a
1064 3891 1154 3966 patre

101 3973 340 4049 sexheredatus,
367 3984 423 4041 est.
459 3997 539 4060 quae
566 3977 753 4042 contumelia
772 3998 836 4042 non
861 3977 956 4063 fregit
982 3999 1067 4054 eum,
1096 3978 1154 4041 sed
