2564 4410
139 212 181 277 10
470 221 654 278 CORNELII
666 224 828 280 NEPOTIS

125 338 241 404 minus
262 337 331 402 fieri
358 359 491 421 eumque
511 337 546 400 in
563 359 600 401 ea
620 358 654 401 re
677 339 782 402 conari
803 339 925 417 fallere,
947 339 1074 404 interim
1089 342 1166 407 reli·

103 434 192 517 aqui
216 431 313 517 legati
339 440 412 495 sunt
437 431 604 495 consecuti.
640 431 795 514 aquibus
818 455 890 497 cum
915 434 1070 512 audisset,
1096 458 1165 500 non

136 525 270 590 multum
287 546 452 609 superesse
469 524 659 601 munitionis,
681 525 723 588 ad
740 525 873 612 ephoros
891 527 1165 593 Lacedaemonio-

135 642 206 685 rum
224 619 369 696 accessit,
390 640 487 703 penes
505 639 584 701 quos
604 639 761 682 summum
779 630 845 684 erat
860 620 1041 705 imperium,
1064 631 1163 706 atque

102 746 105 751 ·
136 713 221 799 apud
243 734 296 777 eos
315 713 486 789 contendit,
513 711 594 776 falsa
614 712 653 776 iis
676 733 746 776 esse
764 713 894 803 delatas
907 735 1004 798 quare
1022 736 1162 799 aequum

136 829 220 884 esse,
246 806 317 871 illos
342 806 426 870 viros
448 804 548 870 bonos
574 804 757 889 nobilesque
783 807 919 885 mittere,
946 808 1061 891 quibus
1079 809 1161 874 fides

135 899 315 978 haberetur,
339 900 393 984 qui
413 921 480 963 rem
502 899 712 984 explorarent3
739 901 857 966 interea
874 924 909 967 se
927 902 1070 968 obsidem
1086 905 1162 968 reti-

101 1017 117 1063 3
135 1004 252 1061 nerent.
288 1004 397 1082 gestus
419 1003 468 1058 est
485 992 515 1058 ei
535 1016 618 1072 mos,
641 1003 766 1078 tresque
788 995 885 1082 legati
904 996 1005 1061 functi
1027 999 1160 1063 summis

134 1088 304 1156 honoribus
331 1088 475 1154 Athenas
502 1088 591 1153 missi
617 1100 699 1153 sunt.
736 1112 808 1154 cum
833 1090 883 1154 his
914 1091 1051 1177 collegas
1083 1113 1160 1157 suos

135 1182 363 1249 Themistocles
376 1183 468 1248 iussit
480 1181 645 1267 proficisci,
663 1182 775 1266 hisque
788 1184 951 1269 praedixit,
969 1194 1057 1248 utne
1070 1184 1160 1270 prius

133 1277 455 1342 Lacedaemoniorum
472 1275 592 1360 legatos
610 1275 799 1339 dimitterent
811 1298 906 1359 quam
923 1277 991 1363 ipse
1009 1287 1094 1342 esset
1109 1299 1161 1343 re-

99 1394 115 1439 4
134 1371 259 1435 missus.
294 1370 353 1435 hos
374 1378 542 1455 postquam
558 1366 702 1433 Athenas
724 1370 904 1454 pervenisse
926 1379 1093 1448 natusest,
1117 1371 1160 1436 ad

134 1464 352 1550 magistratum
369 1471 574 1545 senatumque
590 1462 914 1528 Lacedaemoniorum
931 1464 1007 1528 adiit
1024 1473 1056 1528 et
1073 1464 1159 1549 apud

134 1579 188 1621 eos
202 1556 358 1622 liberrime
371 1555 533 1641 professus
543 1565 600 1633 est,
619 1553 831 1621 Athenienses
846 1580 904 1622 suo
917 1556 1057 1634 consilio,
1072 1558 1160 1641 quod

135 1650 293 1715 communi
313 1650 380 1713 iure
400 1649 542 1735 gentium
563 1650 668 1715 facere
688 1660 831 1735 possent,
858 1650 997 1734 deosque
1013 1649 1158 1736 pubhcos

135 1764 271 1827 suosque
288 1743 404 1828 patrios
423 1765 460 1808 ac
476 1752 620 1828 penates,
643 1765 706 1827 quo
722 1743 846 1808 facihus
864 1743 904 1808 ab
921 1744 1012 1809 hoste
1028 1754 1160 1830 possent

134 1838 313 1914 defendere,
336 1837 432 1901 muris
456 1837 612 1921 saepsisse
633 1858 734 1919 neque
756 1837 789 1901 in
807 1859 858 1914 eo,
881 1837 965 1921 quod
983 1837 1092 1901 inutile
1109 1859 1160 1902 es-

100 1956 116 2001 s
135 1942 182 1997 set
197 1929 357 2007 Graeciae,
376 1930 500 1994 fecisse.
528 1953 601 1993 nam
618 1929 742 1994 illorum
759 1929 870 1996 urbem
886 1940 922 1995 ut
938 1953 1160 2017 propugnacu-

134 2028 199 2091 lum
217 2025 396 2111 oppositum
418 2045 487 2089 esse
505 2023 657 2100 barbaris,
676 2025 760 2109 apud
777 2047 872 2108 quam
890 2025 953 2088 iam
971 2024 1020 2090 bis
1037 2025 1158 2090 classes

101 2144 117 2190 o
134 2121 236 2205 regias
255 2118 368 2182 fecisse
386 2117 593 2203 naufragium.
620 2119 890 2183 Lacedaemonios
909 2127 1014 2184 autem
1030 2118 1113 2183 male
1125 2128 1159 2183 et

133 2214 248 2277 iniuste
270 2212 387 2289 facere,
414 2211 521 2294 quiid
545 2212 650 2297 potius
672 2213 878 2291 intuerentur,
906 2214 991 2297 quod
1016 2214 1159 2298 ipsorum

134 2306 351 2383 dominationi,
378 2327 473 2388 quam
495 2307 579 2389 quod
601 2306 764 2371 universae
788 2304 939 2372 Graeciae
960 2307 1036 2371 utile
1063 2317 1157 2372 esset.

133 2423 239 2486 quare,
259 2401 287 2466 si
305 2423 379 2465 suos
396 2400 517 2486 legatos
535 2400 674 2486 recipere
692 2402 821 2478 vellent,
840 2423 919 2484 quos
936 2399 1080 2465 Athenas
1099 2400 1160 2464 mi-

135 2505 252 2571 serant,
280 2517 315 2559 se
340 2495 544 2573 remitterent3
571 2495 660 2560 aliter
684 2495 755 2560 illos
777 2518 948 2579 numquam
968 2495 1003 2559 in
1023 2495 1159 2580 patriam

135 2598 239 2654 essent
256 2589 418 2673 receptmi.

101 2708 114 2752 1
185 2681 278 2746 VIII.
306 2681 428 2765 Tamen
435 2703 499 2745 non
509 2680 619 2768 effugit
628 2681 744 2746 civium
753 2705 880 2747 suorum
888 2684 1046 2748 invidiam.
1069 2706 1160 2747 nam-

19 2796 22 2801 ·
134 2799 195 2860 que
217 2776 258 2841 ob
281 2776 414 2840 eundem
437 2776 593 2852 timorem,
621 2797 683 2858 quo
706 2776 870 2842 damnatus
897 2786 963 2842 erat
984 2776 1158 2853 Miltiades,

135 2869 318 2934 testularum
341 2869 497 2955 suffragiis
521 2890 538 2933 e
560 2869 685 2933 ciuitate
713 2870 829 2935 eiectus
852 2870 959 2956 Argos
981 2866 1158 2935 habitatum

100 2963 297 3033 aconcessit.
333 2963 384 3026 hic
411 2984 483 3025 cum
509 2973 636 3046 proptor
660 2963 774 3029 multas
797 2965 864 3029 eius
886 2965 1015 3028 virtutes
1041 2986 1159 3048 magna

134 3080 206 3121 cum
224 3055 374 3144 dignitate
391 3055 518 3132 viveret,
537 3056 782 3121 Lacedaemonii
799 3058 919 3144 legatos
937 3056 1081 3121 Athenas
1099 3057 1159 3120 mi-

135 3160 254 3228 serunt,
282 3149 336 3234 qui
359 3171 431 3213 cum
453 3147 615 3213 absentem
642 3161 838 3229 accusarent,
865 3152 950 3235 quod
977 3151 1159 3215 societatem

99 3267 115 3313 3
134 3267 205 3309 cum
222 3266 298 3330 rege
315 3242 413 3309 Perse
435 3243 475 3306 ad
494 3239 659 3307 Graeciam
677 3245 911 3329 opprimendam
933 3245 1069 3309 fecisset.
1096 3244 1159 3308 hoc

135 3339 262 3402 crimine
283 3337 397 3402 absens
419 3337 602 3422 proditionis
625 3338 790 3403 damnatus
814 3348 870 3404 est.
906 3340 940 3403 id
964 3348 1001 3403 ut
1027 3338 1156 3415 audivit,

134 3432 219 3515 quod
237 3455 301 3495 non
319 3431 394 3496 satis
413 3441 515 3495 tutum
538 3453 571 3495 se
589 3430 688 3517 Argis
705 3432 844 3509 videbat,
865 3432 1037 3518 Corcyram
1059 3431 1159 3495 demi·

134 3526 245 3611 gravit.
271 3524 316 3589 ibi
334 3547 405 3589 cum
423 3525 490 3589 eius
507 3525 663 3610 principes
683 3526 954 3591 animadvertisset
971 3527 1094 3602 timere,
1116 3547 1157 3589 ne

133 3630 259 3705 propter
277 3641 311 3683 sc
328 3618 445 3685 bellum
467 3618 515 3683 his
533 3618 779 3684 Lacedaemonii
800 3630 831 3684 ct
848 3619 1058 3685 Athenienses
1076 3620 1158 3683 indi-

135 3723 248 3790 cerent,
272 3713 312 3777 ad
329 3712 511 3788 Admetum,
530 3711 708 3777 Molossum
729 3737 850 3800 regem,
875 3737 946 3779 cum
969 3735 1031 3796 quo
1054 3714 1083 3777 ei
1100 3713 1158 3777 ho·

100 3830 116 3875 -r
135 3808 262 3893 spitium
281 3818 356 3885 erat,
376 3807 525 3894 confugit.
549 3806 611 3871 huc
629 3830 700 3871 cum
717 3809 864 3885 venisset,
883 3818 914 3872 et
930 3808 1157 3893 inpraesentia

132 3925 189 3967 rex
210 3902 348 3979 abesset,
376 3923 437 3984 quo
460 3901 575 3966 maiore
597 3901 746 3988 religione
770 3924 803 3966 se
825 3911 985 3987 receptum
1007 3910 1155 3977 tueretur,

224 4020 239 4071 ις
251 3996 318 4061 eius
340 3994 503 4081 parvulam
520 3994 648 4079 arripuit
671 4005 701 4060 et
719 4017 790 4059 oum
813 4017 850 4060 ea
868 4017 901 4061 se
919 3996 953 4060 in
975 3994 1156 4071 sacrarium,
