2564 4410
473 244 767 304 THRASYBULUS.
1089 236 1131 300 27

105 367 175 431 laus
193 373 276 430 esset
289 362 542 440 fortiteryenari,
561 362 719 426 luxuriose
736 362 851 440 vivere,
869 361 982 427 horum
1000 363 1046 427 sic
1063 362 1133 426 imi-

104 469 205 523 tatum
222 457 493 534 consuetudinem,
516 465 551 520 ut
572 455 617 519 illi
633 455 695 541 ipsi
712 447 785 520 eum
798 455 835 519 in
856 455 905 520 his
923 456 1059 520 maxime
1077 457 1133 521 ad-

105 553 299 617 mirarentur.
326 550 440 635 quibus
458 548 552 614 rebus
570 549 728 628 effecisse,
752 559 801 628 ut,
824 550 910 636 apud
927 572 1131 634 quoscunque
1151 573 1165 620 o

106 655 199 724 esset,
213 646 358 731 princeps
371 653 540 729 poneretur
551 642 780 727 habereturque
794 644 985 710 carissimus.
1014 644 1070 710 sed
1083 667 1134 710 sa-

105 740 146 805 tis
165 741 204 805 de
222 740 297 818 hoc;
315 738 636 830 reliquos'ordiamur.

288 1009 291 1014 .
354 960 448 1027 vm.
472 903 888 1027 ¹ru'rmsmaunus

159 1115 185 1181 I.
213 1113 442 1200 Thrasybulus,
460 1113 545 1198 Lyci
558 1113 650 1192 filius,
669 1113 884 1179 Atheniensis.
911 1115 938 1180 si
955 1137 1011 1200 per
1025 1137 1058 1180 se
1072 1115 1134 1180 vir-
1153 1137 1165 1182 1

107 1224 158 1275 tus
177 1210 244 1274 sine
262 1209 388 1274 fortuna
404 1209 608 1294 ponderanda
625 1208 679 1286 sit,
698 1206 820 1286 dubito,
840 1231 881 1272 an
896 1208 981 1275 huno
998 1210 1134 1294 primum

108 1305 248 1369 omnium
265 1301 389 1389 ponam.
416 1302 495 1368 illud
512 1303 580 1367 sine
597 1300 708 1368 dubio:
726 1303 884 1371 neminem
901 1303 974 1367 huic
991 1303 1134 1388 praefero

107 1399 184 1476 fide,
212 1397 399 1475 constantia,
426 1396 642 1483 magnitudine
669 1397 777 1474 animi,
804 1397 837 1461 in
863 1398 996 1482 patriam
1018 1420 1133 1463 amore.

109 1517 184 1558 nam
209 1494 295 1577 quod
319 1492 409 1557 multi
430 1492 595 1556 voluerunt
620 1492 775 1576 paucique
800 1501 981 1583 potuerunt,
1008 1492 1049 1557 ab
1071 1510 1168 1558 unce

108 1598 241 1672 tyranno
263 1586 396 1671 patriam
417 1585 563 1662 liberare,
585 1585 659 1650 huic
681 1586 824 1671 contigit,
846 1596 882 1650 ut
899 1610 919 1650 a
936 1587 1062 1672 triginta
1080 1609 1136 1672 op·
1257 1589 1259 1592 ’

107 1703 252 1766 pressam
268 1678 408 1763 tyrannis
426 1699 444 1742 e
463 1678 611 1742 servitute
628 1679 663 1741 in
679 1677 853 1743 hbertatem
870 1680 1051 1744 vindicaret.
1078 1681 1135 1745 sed
1153 1698 1169 1746 3

107 1773 215 1838 neseio
234 1794 296 1856 quo
318 1771 425 1849 modo,
449 1793 522 1836 oum
539 1793 613 1835 eum
629 1793 721 1836 nemo
744 1772 874 1835 anteiret
890 1773 939 1837 his
957 1772 1134 1852 virtutibus,

108 1866 200 1957 mulh'
224 1865 384 1930 nobilitate
410 1874 697 1950 praecucurrerrmt.
741 1865 878 1950 primum
903 1865 1135 1951 Peloponnesio

108 1961 192 2026 bello
209 1959 307 2025 multa
323 1959 375 2024 hic
389 1961 456 2025 sine
469 1958 637 2026 Alcibiade
654 1959 763 2046 gessit,
782 1961 834 2025 ille
851 1961 969 2051 nullam
982 1983 1049 2026 rem
1067 1962 1135 2027 sine

108 2056 184 2133 hoc;
208 2075 289 2138 quae
306 2053 359 2118 ille
382 2054 529 2119 universa
549 2054 682 2145 naturali
699 2055 837 2138 quodam
854 2053 938 2120 bono
955 2054 1031 2120 fecit
1046 2055 1134 2120 lucri.

109 2149 167 2214 sed
183 2147 237 2213 illa
254 2158 360 2213 tamen
381 2149 486 2213 omnia
508 2149 686 2213 eommunia
707 2148 946 2235 imperatoribus
966 2171 1037 2215 cum
1054 2150 1136 2214 mili·
1153 2169 1170 2214 4
1255 2168 1259 2177 ·

108 2241 193 2308 tibus
212 2251 243 2307 et
259 2243 398 2319 fortuna,
422 2243 506 2327 quod
523 2242 556 2307 in
572 2243 683 2329 proelii
704 2265 858 2308 concursu
875 2243 941 2308 abit
956 2266 1007 2309 res
1026 2267 1045 2308 a
1063 2267 1137 2309 con-

110 2337 180 2402 silio
202 2336 242 2402 ad
263 2337 346 2402 vires
368 2337 495 2420 vimque
516 2338 733 2424 pugnantium.
748 2334 865 2422 ¹itaque
890 2338 957 2402 iure
980 2361 1038 2402 suo
1059 2361 1138 2402 non-

108 2431 195 2495 nulla
212 2430 252 2495 ab
270 2430 456 2515 imperatore
474 2431 578 2509 miles,
600 2431 735 2516 plurima
752 2454 827 2496 vero
845 2431 971 2496 fortuna
988 2433 1136 2509 vindicat,

110 2547 207 2609 seque
225 2525 277 2589 hic
297 2525 369 2610 plus
387 2525 524 2590 valuisse
542 2547 637 2609 quam
659 2525 748 2590 ducis
770 2525 968 2611 prudentiam
989 2549 1063 2592 vere
1079 2548 1137 2612 po-

109 2630 173 2684 test
197 2619 387 2705 praedicare.
421 2641 518 2703 quare
544 2620 621 2684 illud
647 2620 992 2707 magnificentissimum
1018 2621 1172 2687 factum5

78 2784 82 2792 ,
108 2714 270 2799 proprium
288 2723 337 2777 est
350 2712 549 2799 Thrasybuli.
576 2737 650 2778 nam
668 2736 740 2779 cum
758 2715 884 2801 triginta
898 2715 1029 2801 tyranni,
1048 2737 1138 2801 prae-

108 2807 204 2893 positi
217 2830 236 2871 a
248 2806 518 2886 Lacedaemoniis,
539 2809 687 2872 servitute
705 2831 871 2893 oppressas
884 2818 1024 2874 tenerent
1036 2808 1139 2874 Athe·

108 2925 178 2978 nas,
196 2901 347 2987 plurimos
362 2901 456 2978 cives,
475 2899 589 2985 quibus
607 2902 640 2965 in
657 2900 740 2967 bello
757 2911 899 2986 parserat
914 2902 1048 2981 fortuna,
1066 2924 1139 2988 par-

110 2996 168 3059 tim
185 2995 286 3080 patria
304 2994 510 3080 expulissent,
532 2996 647 3080 partim
667 2996 911 3074 interfecissent,
933 2997 1138 3081 plurimorum

110 3089 195 3165 bona
216 3087 374 3174 publicata
394 3089 475 3154 inter
497 3111 531 3154 se
553 3089 747 3168 divisissent,
770 3113 835 3154 non
858 3091 964 3177 solum¹
980 3090 1136 3176 princeps,

112 3183 281 3248 sedetiam
299 3183 384 3248 solus
402 3182 489 3248 initio
507 3182 625 3248 bellum
641 3183 691 3249 his
709 3183 830 3248 indixit.

162 3275 207 3341 ΙΙ.
234 3275 300 3342 Hic
317 3276 401 3340 enim
414 3298 486 3341 cum
498 3276 622 3363 Phylen
634 3277 838 3363 confugisset,
857 3278 943 3361 quod
961 3286 1009 3341 est
1026 3276 1138 3342 castel·
1157 3296 1171 3340 1
1269 3342 1273 3349 ,

110 3370 178 3435 lum
194 3371 227 3434 in
244 3368 353 3435 Attica
375 3371 632 3449 munitissimum,
655 3394 720 3436 non
741 3371 813 3456 plus
830 3371 941 3447 habuit
959 3393 1067 3436 secum
1084 3372 1139 3436 tri-
1260 3406 1265 3419 =

79 3457 82 3465 ’
111 3464 200 3549 ginta
217 3465 256 3528 de
275 3464 349 3531 suis.
376 3464 576 3553 hoeinitium
589 3464 650 3529 fuit
667 3464 776 3529 salutis
789 3462 991 3543 Actaeorum,
1010 3465 1071 3530 hoc
1087 3489 1139 3530 ro·

112 3556 174 3621 bur
185 3556 334 3624 libertatis
348 3558 539 3624 clarissimae
552 3558 696 3623 civitatis.
718 3576 820 3642 neque
833 3580 907 3623 vero
920 3558 1050 3624 hicnon
1064 3581 1138 3624 oon·
1156 3577 1173 3623 2

111 3659 249 3734 temptus
271 3661 321 3716 est
341 3653 441 3736 primo
464 3676 484 3717 a
505 3652 644 3738 tyrannis
671 3659 765 3735 atque
787 3651 854 3716 eius
878 3651 1023 3717 solitudo.
1057 3673 1139 3734 quae

112 3745 241 3830 quidem
254 3767 303 3810 res
317 3756 349 3811 et
359 3747 421 3812 illis
436 3745 705 3812 contemnentibus
718 3745 847 3831 pernicii
861 3756 893 3811 et
903 3746 977 3812 huic
990 3747 1138 3831 despecto
1172 3782 1180 3797 ·

112 3839 207 3906 saluti
224 3839 294 3903 fuir.
319 3840 398 3908 haec
415 3842 500 3907 enim
516 3841 587 3907 illos
605 3863 718 3928 segnes
736 3842 778 3905 ad
794 3841 1060 3927 persequendum,
1078 3840 1138 3906 hos

112 3943 219 4000 autem
241 3934 381 4020 tempore
402 3937 443 4001 ad
465 3937 710 4021 comparandum
736 3935 809 4000 dato
835 3935 910 3999 fecit
935 3931 1137 3999 robustiores.

112 4049 176 4112 quo
193 4027 297 4115 magis
309 4039 510 4116 praeceptum
527 4028 605 4094 illud
618 4029 758 4095 omnium
775 4029 808 4095 in
825 4026 937 4094 animis
951 4048 1021 4093 esse
1034 4027 1176 4102 debens
