2564 4410
134 203 177 267 70
467 207 654 266 CORNELII
664 207 828 264 NEPOTIS

133 338 200 396 erat
216 328 344 404 missus,
363 326 427 390 iam
443 325 650 390 inveteratam
664 325 846 389 servitutem
860 322 1030 409 depelleret
1047 331 1164 390 totam·

133 445 195 508 que
215 420 370 498 Siciliam,
393 418 509 484 multos
532 440 630 484 annos
652 417 736 484 bello
753 426 901 482 vexatam
917 441 938 482 a
954 416 1163 503 barbarisque

100 530 332 604 suppressam,
356 536 414 580 suo
432 513 570 578 adventu
590 513 624 576 in
644 511 812 597 pristinum
828 512 1016 579 restitueret.
1048 513 1109 578 sed
1130 513 1164 578 in

134 613 184 677 his
202 610 296 676 rebus
311 631 374 674 non
392 608 528 694 simplici
540 607 667 673 fortuna
686 606 882 672 conflictatus
899 615 949 673 est
966 615 1006 685 et
1023 605 1059 671 id
1075 607 1164 691 quod

135 705 294 772 difficilius
310 711 452 790 putatur,
475 702 574 767 multo
593 700 765 787 sapientius
788 700 859 765 tulit
876 702 1049 766 secundam
1065 723 1163 786 quam

102 799 301 870 sadversam
322 798 491 863 fortunam.
532 818 606 860 nam
628 817 701 861 cum
726 794 824 861 frater
844 795 913 861 eius
935 794 1162 881 Timophanes,

135 895 202 960 dux
219 917 239 959 a
257 891 428 959 Corinthiis
447 890 602 967 delectus,
625 889 821 975 tyrannidem
838 911 897 975 per
911 889 1026 955 milites
1044 911 1165 956 merce·

134 988 239 1055 uarios
257 995 444 1071 occupasset
459 985 679 1071 particepsque
696 984 787 1070 regni
806 994 916 1070 posset
932 1005 1017 1062 esse,
1039 993 1165 1051 tantum

136 1081 216 1148 afuit
233 1104 253 1145 a
270 1080 418 1146 societate
437 1078 573 1157 sceleris,
591 1087 627 1142 ut
645 1077 823 1143 antetulerit
839 1077 957 1143 civium
974 1100 1104 1145 suornm
1127 1079 1167 1144 li·

135 1176 289 1241 bertatem
310 1173 415 1239 fratris
438 1172 532 1239 saluti
554 1180 586 1238 et
606 1193 717 1258 parere
738 1170 863 1257 legibus
885 1193 983 1256 quam
1008 1173 1165 1259 imperare

102 1270 256 1359 spaniae
279 1269 377 1334 satius
399 1267 534 1333 durent
565 1266 626 1330 hac
647 1274 752 1331 mente
773 1288 830 1351 per
854 1266 1055 1352 haruspicem
1076 1288 1165 1334 com-

136 1385 327 1448 munemque
344 1362 486 1439 affinem,
510 1361 560 1426 cui
583 1382 671 1426 soror
687 1381 728 1425 ex
745 1360 866 1426 eisdem
886 1361 1069 1448 parentibus
1089 1371 1168 1428 nata

15 1464 18 1469 '
137 1468 236 1545 nupta
254 1466 329 1535 erat,
347 1457 476 1521 fratrem
493 1464 661 1542 tyrannum
673 1454 925 1521 interficiundum
939 1455 1069 1522 curavit
1095 1457 1168 1542 ipse

138 1575 201 1618 nou
218 1553 312 1618 modo
330 1574 442 1617 manus
459 1573 524 1616 non
540 1550 652 1628 attulit,
672 1550 786 1616 sedne
804 1551 944 1637 aspicere
961 1551 1090 1636 quidem
1101 1550 1168 1616 fra

139 1657 264 1713 ternum
281 1645 467 1733 sanguinem
485 1645 594 1711 voluit.
621 1668 696 1709 nam
708 1645 783 1709 dum
795 1667 847 1710 res
861 1645 1075 1724 conficeretur,
1094 1668 1168 1732 pro-

139 1740 191 1807 cul
211 1741 246 1807 in
265 1741 422 1827 praesidio
443 1740 517 1819 fuit,
539 1740 673 1822 nequis
696 1739 821 1805 satelles
842 1750 953 1825 posset
973 1761 1168 1806 succurrere.

107 1855 122 1902 5
140 1836 201 1901 hoc
217 1835 503 1922 praeclarissimum
516 1834 584 1898 eius
602 1832 721 1899 factum
733 1855 797 1898 non
809 1833 878 1918 pari
891 1834 986 1901 modo
997 1833 1169 1920 probatum

141 1940 190 1996 est
206 1929 247 1995 ab
265 1929 421 1995 omnibus.
447 1927 589 1994 nonnulli
607 1928 692 1992 enim
707 1927 826 1993 laesam
839 1926 879 1993 ab
892 1950 930 1993 eo
943 1927 1092 2015 pietatem
1108 1952 1171 2015 pu·

141 2023 250 2089 tabant
267 2032 299 2088 et
319 2022 439 2088 invidia
459 2022 586 2087 landem
602 2021 726 2086 virtutis
748 2020 942 2089 obterebant.
973 2031 1075 2088 mater
1091 2045 1170 2090 vero

140 2125 213 2201 post
230 2117 263 2180 id
280 2117 399 2181 factum
421 2137 523 2200 neque
541 2117 670 2181 domum
687 2117 728 2181 ad
746 2138 781 2181 se
798 2115 898 2181 filium
920 2117 1047 2182 admisit
1062 2140 1170 2203 neque

142 2210 274 2295 aspexit,
293 2210 370 2294 quin
386 2232 461 2275 eum
477 2210 670 2275 fratricidam
690 2210 885 2296 impiumque
903 2211 1062 2277 detestans
1080 2233 1170 2279 com-

109 2324 123 2372 6
141 2303 280 2390 pellaret.
304 2303 418 2388 quibus
432 2304 527 2371 rebus
540 2304 593 2370 ille
606 2305 685 2370 adeo
699 2314 748 2371 est
760 2315 946 2383 commotus,
965 2314 1000 2371 ut
1012 2329 1171 2371 nonnum-

142 2422 237 2484 quam
254 2399 338 2465 vitae
354 2400 451 2465 finem
468 2399 573 2473 facere
584 2400 718 2466 voluerit
735 2410 828 2485 atque
842 2422 883 2466 ex
899 2399 1096 2488 ingratorum
1111 2400 1171 2465 ho-

141 2493 262 2558 minum
279 2504 451 2579 conspectu
468 2504 568 2559 morte
585 2493 747 2561 decedere.

110 2606 122 2651 1
193 2585 239 2650 Π.
266 2587 397 2652 Interim
414 2588 520 2654 Dione
539 2586 706 2674 Syracusis
724 2588 889 2655 interfecto
904 2588 1082 2675 Dionysius
1099 2610 1170 2655 rur-

143 2702 197 2746 sus
225 2677 455 2766 Syracusarum
480 2683 599 2767 potitus
625 2691 689 2760 est;
716 2682 805 2748 cuius
831 2683 1003 2749 adversarii
1028 2704 1123 2769 opem
1149 2706 1170 2749 a

144 2772 315 2840 Corinthiis
329 2775 486 2861 petierunt
499 2777 683 2861 ducemque,
701 2797 764 2861 quo
777 2777 811 2841 in
827 2777 911 2843 bello
923 2786 1092 2854 uterentur,
1110 2800 1172 2863 po-

144 2867 308 2934 stularunt.
335 2869 398 2934 huc
415 2869 582 2937 Timoleon
599 2871 715 2937 missus
734 2871 908 2937 incredibili
925 2871 1073 2938 felicitate
1084 2869 1171 2937 Dio-

109 2981 124 3028 2
142 2962 268 3047 nysium
286 2971 351 3028 tota
361 2961 469 3029 Sicilia
486 2966 615 3048 depulit.
643 2987 715 3030 cum
732 2965 905 3032 interficere
921 2974 1039 3051 posset,
1056 2964 1167 3044 noluit,

142 3063 272 3141 tutoque
285 3065 320 3120 ut
330 3053 517 3122 Corinthum
530 3059 716 3143 perveniret,
734 3059 847 3138 effecit,
867 3061 952 3144 quod
965 3069 1169 3144 utrorumque

142 3149 371 3236 Dionysiorum
389 3151 501 3237 opibus
522 3151 679 3219 Corinthii
696 3175 790 3239 saepe
808 3154 908 3220 adiuti
924 3154 1059 3232 fuerant
1079 3155 1169 3219 cuius

143 3244 344 3333 benignitatis
357 3247 541 3312 memoriam
549 3246 675 3313 volebat
688 3257 821 3326 exstare,
835 3270 968 3334 eamque
975 3247 1170 3334 praeclaram

143 3338 305 3403 victoriam
332 3338 481 3418 ducebat,
508 3341 542 3406 in
567 3363 631 3426 qua
655 3341 727 3427 plus
751 3352 836 3408 esset
862 3343 1045 3409 clementiae
1072 3364 1168 3427 quam

144 3430 334 3498 crudelitatis
339 3459 349 3512 3
371 3444 545 3519 postremo,
564 3445 600 3501 ut
617 3457 682 3501 non
699 3437 801 3501 solum
819 3437 947 3503 auribus
965 3437 1168 3523 acciperetur,

144 3523 200 3588 sed
218 3524 313 3590 etiam
331 3529 429 3594 oculis
448 3539 634 3608 cerneretur,
658 3552 754 3615 quem
771 3540 860 3596 etex
877 3540 995 3615 quanto
1012 3553 1110 3618 regno
1129 3532 1170 3596 ad

109 3639 238 3702 squam
259 3619 418 3688 fortunam
439 3625 611 3691 detulisset.
643 3635 716 3711 post
736 3625 885 3712 Dionysii
908 3627 1075 3692 decessum
1097 3648 1169 3691 cum

142 3713 259 3780 Hiceta
275 3713 416 3795 bellavit,
440 3720 494 3802 qui
511 3720 696 3785 adversatus
719 3731 785 3787 erat
801 3720 973 3806 Dionysio,
993 3742 1089 3805 quern
1106 3742 1171 3787 non

143 3809 214 3876 odio
228 3809 401 3896 tyrannidis
414 3811 611 3892 dissensisse,
626 3815 683 3881 sed
692 3815 861 3902 cupiditate
870 3814 985 3880 indicio
999 3815 1070 3893 fuit,
1084 3814 1171 3899 quod

107 3920 124 3965 4
142 3902 210 3987 ipse
228 3904 359 3990 expulso
368 3902 525 3992 Dionysio
543 3909 712 3994 imperium
728 3909 884 3974 dimittere
901 3909 1010 3975 noluit.
1038 3909 1099 3975 hoc
1117 3931 1171 3974 su·

140 4005 250 4081 pereto
268 3998 433 4067 Timoleon
455 4001 608 4069 maximas
627 4004 733 4088 copias
752 4001 1061 4089 Carthaginiensium
1085 4001 1171 4089 apud
