2564 4410
50 218 53 223 ·
134 208 177 270 64
463 214 647 269 coenatu
660 188 825 268 naports'

134 333 311 398 adduceret.
339 330 372 394 id
389 351 452 413 quo
469 328 593 393 facilius
612 327 742 406 faceret,
763 350 796 392 se
814 327 959 395 omnibus
978 331 1161 417 praefectis,

133 425 243 512 quiin
265 423 369 490 officio
391 422 574 500 manebant,
601 421 727 487 misisse
749 421 881 501 litteras,
904 433 940 487 ut
961 424 991 488 ei
1012 436 1163 510 parerent

76 513 79 516 ⁴
99 545 115 591 5
134 523 265 604 eiusque
282 518 419 584 consiliis
437 526 606 582 uterentur.
638 516 688 581 his
705 516 799 582 rebus
817 516 977 583 Eumenes
996 530 1161 604 permotus

135 616 232 681 satius
255 614 357 691 duxit,
385 614 413 678 si
433 613 477 677 ita
499 612 621 676 tulisset
642 610 780 689 fortuna,
807 613 908 697 perire
930 612 1010 677 bene
1038 614 1161 681 meritis

133 710 318 775 referentem
336 708 469 795 gratiam
487 728 583 791 quam
599 707 757 792 ingratum
775 706 888 771 vivere.

101 828 114 872 r
185 803 261 869 VII.
289 803 401 886 Itaque
419 801 525 886 copias
543 800 705 876 contraxit,
724 798 842 865 bellum
861 799 1163 889 advorsusAntigo·
1202 838 1206 845 ·

133 920 209 962 num
231 895 433 982 comparavit.
465 894 550 979 quod
571 918 635 959 una
657 898 745 958 erant
762 893 955 959 Macedones
980 896 1161 980 complures

133 991 265 1068 nobiles,
283 991 316 1054 in
334 989 382 1053 his
400 987 586 1066 Peucestes,
605 988 660 1072 qui
678 988 816 1073 corporis
835 998 941 1053 custos
959 987 1064 1053 fuerat
1080 988 1162 1055 Ale·

133 1085 257 1162 xandri,
290 1093 357 1148 turn
384 1092 489 1147 autem
516 1081 676 1147 obtinebat
701 1081 879 1161 Persidem,
912 1092 943 1147 ct
968 1081 1160 1169 Antigenes,

133 1181 223 1245 cuius
251 1179 310 1245 sub
337 1179 468 1265 imperio
493 1178 632 1263 phalanx
659 1187 725 1241 erat
746 1177 974 1256 Macedonum,
1006 1179 1161 1244 invidiam

133 1296 259 1351 verens,
283 1296 379 1357 quam
400 1282 506 1337 tamen
528 1272 667 1356 effugere
684 1293 753 1335 non
774 1271 889 1356 potuit,
914 1272 942 1336 si
963 1271 1068 1357 potius
1090 1273 1162 1358 ipse

134 1367 308 1452 alienigena
323 1367 437 1430 summi
450 1365 572 1450 imperii
585 1365 745 1450 potiretur,
764 1387 857 1448 quam
872 1367 925 1430 alii
934 1365 1160 1445 Macedonum,

100 1480 115 1527 2
134 1483 267 1544 quorum
284 1459 328 1524 ibi
346 1467 412 1523 erat
429 1458 609 1523 multitudo:
627 1459 660 1522 in
673 1459 834 1544 principiis
844 1458 1020 1524 Alexandri
1032 1461 1163 1525 nomine

134 1554 369 1619 tabernaculum
388 1554 496 1618 statuit
513 1555 547 1617 in
561 1575 660 1638 eoque
679 1553 788 1638 sellam
802 1576 929 1619 auream
943 1577 1016 1619 oum
1034 1565 1162 1641 sceptro

134 1671 171 1713 ao
190 1649 366 1713 diademate
384 1649 477 1712 iussit
492 1648 568 1733 poni
582 1670 682 1732 eoque
700 1671 809 1713 omnes
823 1649 961 1732 quotidie
980 1650 1161 1729 convenire,

133 1742 231 1808 utibi
248 1744 288 1807 de
307 1744 437 1808 summis
460 1743 555 1808 rebus
575 1743 705 1807 consilia
723 1753 916 1828 caperentur,
940 1742 1083 1820 credens,
1101 1744 1162 1807 mi-

133 1859 209 1902 nore
228 1860 261 1902 se
279 1838 397 1911 invidia
414 1837 490 1914 fore,
511 1838 538 1901 si
557 1837 660 1923 specie
677 1837 800 1923 imperii
813 1837 1163 1921 nominisque'simula-

99 1932 218 1998 atione
235 1930 410 1995 Alexandri
433 1930 551 1995 bellum
575 1931 733 1995 videretur
754 1931 981 1995 administrare.
1019 1932 1107 2015 quod
1130 1940 1163 1997 et

134 2025 217 2089 fecit.
245 2048 319 2089 nam
341 2047 413 2089 oum
435 2022 498 2088 noir
517 2025 557 2089 ad
574 2025 729 2090 Eumenis
751 2024 914 2112 principia,
934 2025 991 2089 sed
1008 2026 1050 2089 ad
1071 2026 1163 2113 regia

135 2119 351 2184 conveniretur
359 2128 453 2202 atque
466 2118 512 2183 ibi
520 2120 560 2183 de
572 2119 668 2184 rebus
678 2119 910 2196 deliberaretur,
924 2119 1161 2203 quodammodo

133 2211 260 2289 latebat,
280 2234 351 2276 curn
368 2222 474 2277 tamen
491 2234 548 2297 per
565 2235 753 2283 eumunum
771 2222 952 2300 gererentur
969 2214 1085 2278 omnia.

101 2326 114 2371 1
185 2304 279 2371 VIII.
307 2305 372 2371 Hic
393 2307 427 2370 in
444 2305 625 2371 Paraetacis
648 2330 721 2395 cum
738 2305 901 2394 Antigono
920 2307 1072 2385 condixit,
1096 2330 1163 2373 non

134 2401 201 2465 acie
218 2400 385 2477 instructa,
409 2401 466 2465 scd
489 2401 523 2464 in
539 2400 665 2479 itinere,
689 2423 824 2485 eumque
841 2400 923 2464 male
945 2409 1109 2486 acceptum
1127 2402 1165 2466 in

133 2494 275 2558 Mediam
295 2495 468 2559 hiematum
490 2496 593 2580 coegit
609 2495 719 2559 redire.
746 2496 815 2580 ip'se
832 2494 866 2557 in
883 2493 1015 2559 finitima
1029 2494 1163 2578 regione

133 2587 273 2653 Persidis
295 2588 467 2653 hiematum
489 2590 596 2673 copias
618 2586 737 2665 divisit,
764 2611 828 2652 non
849 2598 885 2651 ut
905 2588 1017 2665 voluit,
1043 2586 1102 2651 sed
1123 2599 1165 2652 ut

100 2701 115 2748 2
134 2681 269 2746 militum
288 2681 421 2767 cogebat
438 2682 594 2747 voluntas.
620 2704 756 2766 namque
770 2682 824 2746 illa
835 2681 974 2767 phalanx
982 2680 1164 2747 Alexandri

132 2776 256 2862 Magni,
275 2798 356 2859 quae
365 2774 479 2840 Asiam
492 2785 673 2863 peragrarat
690 2776 909 2860 deviceratque
926 2775 1050 2852 Persas,
1069 2775 1163 2841 inve-

134 2880 234 2936 terata
250 2893 321 2935 oum
339 2870 524 2958 gloriatum
542 2872 636 2936 etiam
653 2871 787 2948 licentia,
809 2893 874 2935 non
890 2890 997 2956 parere
1016 2890 1050 2932 se
1068 2869 1163 2934 duci-

134 2964 208 3041 bus,
237 2965 293 3028 sed
318 2964 472 3050 imperare
494 2965 687 3050 postulabat,
714 2975 749 3030 ut
766 2986 851 3029 nuno
872 2962 1010 3029 veterani
1035 2961 1162 3039 faciunt

133 3059 243 3124 nostri.
271 3059 375 3142 itaque
388 3059 563 3144 periculum
576 3068 634 3137 est,
653 3082 692 3124 ne
702 3059 828 3136 faciant,
848 3059 933 3142 quod
945 3057 991 3121 illi
1003 3056 1159 3135 fecerunt,

135 3176 193 3219 sua
209 3152 448 3238 intemperantia
460 3152 618 3237 nimiaque
636 3153 761 3218 licentia
774 3162 809 3216 ut
822 3153 927 3218 omnia
942 3151 1085 3237 perdant,
1103 3174 1162 3216 ne-

134 3271 195 3331 que
213 3248 317 3312 minus
332 3270 395 3325 eos,
415 3270 488 3312 curn
501 3247 615 3331 quibus
634 3248 784 3325 steterint,
804 3269 898 3331 quam
912 3246 1064 3311 adversus
1078 3267 1160 3329 quos

100 3341 273 3407 eiecerint.
306 3342 392 3425 quod
418 3342 445 3406 si
471 3343 541 3428 quis
562 3341 687 3406 illorum
704 3352 926 3407 *veteranorum
952 3340 1038 3426 legat
1062 3338 1159 3417 facta,

134 3435 222 3520 paria
238 3436 350 3501 horum
368 3442 539 3523 cognoscat
549 3438 658 3519 'neque
679 3458 747 3500 rem
772 3435 871 3500 ullam
887 3434 949 3499 nisi
966 3442 1092 3519 tempus
1109 3432 1160 3497 in-

135 3539 252 3592 teresse
270 3530 399 3594 iudicet.·
424 3531 480 3595 sed
498 3531 539 3595 ad
555 3530 626 3595 illos
639 3539 786 3594 revertar.
812 3529 944 3594 hiberna
958 3540 1160 3613 sumpserant

134 3645 197 3687 non
220 3622 260 3687 ad
277 3645 370 3686 usum
391 3624 480 3702 belli,
505 3625 563 3690 sed
578 3625 619 3688 ad
640 3625 781 3709 ipsorum
802 3622 972 3699 luxuriam,
999 3621 1159 3708 longeque

99 3736 115 3781 4
133 3717 214 3781 inter
232 3738 266 3780 se
284 3716 501 3783 discesserant.
529 3719 589 3783 hoc
598 3718 779 3805 Antigonus
798 3739 870 3782 cum
887 3716 1093 3801 comperisset
1109 3714 1160 3779 in-

134 3813 349 3898 telligerotque
364 3834 398 3876 se
415 3835 524 3898 parem
536 3836 600 3878 non
613 3830 683 3877 esse
700 3812 817 3903 paratis
831 3810 1029 3887 adversariis,
1049 3807 1161 3875 statuit
1205 3864 1207 3869 .

134 3907 252 3991 aliquid
270 3905 330 3972 sibi
347 3907 468 3971 consilii
485 3908 559 3973 novi
573 3930 642 3973 esse
657 3907 852 3993 capiendum.
869 3905 962 3969 'duae
974 3912 1062 3969 erant
1076 3904 1159 3981 viae,

8 4026 22 4059 ··
87 4004 90 4009 '
133 4022 197 4086 qua
214 4024 254 4065 cx
265 4000 382 4080 Medis,
400 3999 456 4067 ubi
472 4001 524 4068 ille
541 4001 709 4100 hiemabat,
727 4001 768 4065 ad
787 3998 1036 4066 adversariorum
1053 3996 1161 4063 hiber-
