2564 4410
137 216 157 280 8
464 222 648 279 CORNELII
664 222 832 279 NEPOTIS

103 366 116 411 1
188 343 251 407 ΠΙ.
279 341 386 405 Huius
409 339 574 405 consilium
595 339 754 424 plerisque
777 337 954 403 civitatibus
977 336 1172 422 displicebat

136 439 217 503 etin
234 447 316 502 terra
330 434 478 500 dimicare
492 433 593 520 magis
611 433 764 519 placebat.
790 433 896 516 itaque
914 431 1005 496 missi
1022 442 1101 497 sunt
1114 434 1172 499 de-

120 532 208 597 'lecti
225 553 298 595 cum
314 529 469 606 Leonida,
486 529 811 593 Lacedaemoniorum
828 549 917 614 rege,
936 527 992 611 qui
1009 526 1172 596 Thermo-

134 626 226 712 pylas
244 633 433 709 occuparent
449 623 638 709 longiusque
659 621 809 688 barbaros
827 622 974 709 progredi
991 644 1057 686 non
1078 633 1172 708 pate·
1197 652 1200 657 ·

50 756 54 771 .
134 728 250 784 rentur.
277 718 311 783 hi
323 718 388 783 vim
401 717 539 782 hostium
552 740 616 782 non
630 716 843 782 sustinuerunt
857 737 956 800 eoque
968 715 1039 781 loco
1053 739 1170 783 omnes

101 836 117 883 2
135 814 326 879 interierunt.
353 822 385 877 at
402 811 513 877 classis
532 811 705 876 communis
717 810 868 877 Graeciae
885 820 1097 876 trecentarum
1111 836 1171 878 na-

134 909 231 986 vium,
250 908 284 972 in
301 928 364 991 qua
381 907 534 971 ducentae
552 915 640 970 erant
651 903 904 983 Atheniensium,
922 905 1061 990 primum
1079 908 1168 992 apud

134 1001 342 1068 Artemisium
363 1001 445 1065 inter
464 999 631 1064 Euboeam
653 1000 926 1084 continentemque
952 1009 1069 1065 terram
1091 1022 1169 1067 cum

135 1095 303 1162 classiariis
329 1095 414 1182 regis
441 1093 587 1159 conflixit.
632 1094 794 1182 angustias
821 1094 906 1159 enim
932 1092 1167 1161 Themistocles

101 1215 117 1261 a
136 1190 314 1275 quaerebat,
332 1212 373 1254 ne
387 1189 585 1253 multitudine
600 1188 822 1253 circumiretur.
849 1188 901 1252 hio
914 1188 974 1253 etsi
990 1187 1061 1273 pari
1072 1211 1169 1274 proe-

135 1286 177 1351 lio
195 1285 413 1361 discesserant,
432 1293 537 1347 tamen
555 1282 666 1346 eodem
683 1282 753 1347 loco
770 1305 834 1347 non
848 1291 920 1347 sunt
937 1281 1007 1346 ausi
1024 1304 1165 1362 manere,

64 1378 67 1385 ’
136 1381 306 1463 quoderat
325 1377 513 1463 periculum,
541 1396 594 1453 ne,
623 1376 651 1439 si
672 1397 746 1460 pars
764 1377 893 1441 navium
910 1376 1167 1443 adversariorum

100 1496 118 1541 4
135 1471 302 1537 Euboeam
325 1479 517 1556 superasset,
541 1469 668 1554 ancipiti
688 1480 904 1555 premerentur
918 1469 1068 1556 periculo.
1100 1493 1165 1556 quo

136 1567 255 1631 factum
282 1573 343 1641 est,
371 1574 406 1628 ut
427 1564 467 1629 ab
485 1562 657 1629 Artemisio
681 1565 877 1630 discederent
898 1574 930 1629 et
952 1565 1165 1631 exadversum

135 1658 279 1724 Athenas
298 1659 383 1744 apud
402 1655 563 1724 Salamina
580 1657 714 1723 classem
733 1681 824 1724 suam
842 1659 1075 1724 constituerent.

103 1781 115 1825 1
186 1753 245 1818 IV.
276 1752 323 1817 At
340 1753 468 1818 Xerxes
487 1753 708 1839 Thermopylis
731 1753 918 1839 expugnatis
941 1753 1084 1838 protinus
1111 1776 1166 1820 ac·

135 1850 230 1914 cessit
252 1858 323 1914 astu
344 1849 440 1933 idque
461 1848 555 1912 nullis
579 1847 834 1924 defendentibus,
860 1847 1031 1913 interfectis
1058 1869 1165 1913 sacer-

100 1967 115 2013 2
134 1944 275 2021 dotibus,
302 1966 382 2028 quos
404 1944 438 2007 in
456 1964 527 2007 arce
548 1943 722 2020 invenerat,
748 1943 892 2009 incendio
915 1943 1039 2008 delevit.
1071 1944 1164 2011 cuius

134 2040 262 2103 flamma
284 2036 438 2123 perterriti
460 2036 612 2101 classiarii
634 2059 707 2101 curn
728 2060 855 2102 manere
877 2060 940 2102 non
962 2038 1114 2103 auderent
1132 2048 1165 2104 et

133 2131 260 2217 plurimi
276 2131 480 2207 hortarentur,
499 2140 535 2195 ut
552 2131 662 2195 domos
681 2154 754 2196 suas
768 2131 964 2197 discederent
981 2130 1165 2198 moenibus-

42 2301 46 2307 ,
135 2248 196 2312 que
215 2249 250 2291 se
268 2225 484 2302 defenderent,
504 2225 733 2291 Themistocles
755 2249 838 2290 unus
855 2226 967 2291 restitit
989 2236 1020 2292 et
1037 2227 1165 2293 univer-

136 2343 188 2387 sos
206 2343 297 2406 pares
312 2342 382 2385 esse
396 2342 491 2405 posse
506 2319 618 2397 aiebat,
637 2320 795 2406 dispersos
810 2321 983 2386 testabatur
994 2322 1163 2407 perituros,

133 2413 421 2500 idqueEurybiadi,
439 2413 507 2502 regi
515 2415 849 2493 Lacedaemoniorum,
868 2415 1002 2499 quitum
1018 2437 1162 2480 summae

101 2528 116 2574 3
134 2509 257 2593 imperii
273 2518 425 2594 praeerat,
444 2509 512 2574 fore
530 2509 716 2574 affirmabat.
744 2530 839 2592 quern
857 2532 929 2575 cum
946 2509 1050 2573 minus
1065 2531 1164 2592 quarn

134 2602 228 2667 vellet
245 2612 398 2681 moveret,
421 2612 516 2666 noctu
534 2604 572 2666 de
596 2603 694 2667 servis
718 2603 783 2667 suis
803 2625 896 2686 quem
917 2602 1027 2668 habuit
1044 2602 1164 2669 fidelis-

135 2696 250 2760 simum
268 2696 309 2761 ad
326 2717 433 2782 regem
451 2696 545 2773 misit,
563 2705 599 2760 ut
616 2696 645 2761 ei
658 2696 814 2760 nuntiaret
833 2697 899 2760 suis
917 2696 1032 2775 verbis,
1050 2697 1164 2763 adver-

99 2811 116 2857 4
135 2791 234 2855 sarios
252 2790 320 2855 eius
337 2789 371 2854 in
388 2790 466 2877 fuga
484 2812 568 2856 esse:
587 2791 641 2874 qui
659 2792 687 2855 si
705 2791 932 2869 discessissent,
952 2792 1068 2857 maiore
1086 2813 1163 2858 cum

133 2883 239 2948 labore
258 2893 289 2948 et
309 2884 525 2970 longinquiore
547 2893 686 2971 tempore
704 2885 822 2950 b'ellum
840 2886 1063 2964 confecturum,
1086 2908 1163 2953 eum

135 2977 275 3064 singulos
290 2978 462 3042 consectari
475 2989 650 3065 cogeretur;
669 3003 748 3064 quos
768 2981 795 3046 si
809 2981 913 3044 statim
926 2981 1160 3067 aggrederetur,

133 3072 222 3137 brevi
243 3072 406 3137 universos
426 3094 658 3158 oppressurum.
685 3073 746 3139 hoc
768 3097 805 3139 eo
823 3074 956 3151 valebat,
975 3084 1010 3138 ut
1026 3075 1162 3162 ingratis

100 3169 174 3233 aad
197 3166 442 3254 depugnandum
465 3189 573 3232 omnes
597 3178 790 3253 cogerentur.
821 3169 881 3233 hac
902 3191 936 3233 re
958 3168 1066 3232 audita
1087 3167 1162 3234 bar-

134 3262 244 3341 barus,
271 3261 349 3326 nihil
375 3261 439 3327 doli
466 3261 597 3328 subesse
619 3262 763 3340 credens,
790 3262 940 3348 postridie
967 3262 1163 3328 alienissimo
1191 3256 1193 3261 ’

135 3353 195 3418 sibi
215 3353 295 3432 loco,
323 3363 430 3421 contra
452 3355 717 3440 opportunissimo
743 3356 897 3434 hostibus,
921 3356 1000 3420 adeo
1023 3366 1164 3442 angusto

133 3446 213 3512 mari
240 3448 391 3527 conflixit,
418 3458 454 3514 ut
479 3449 547 3514 eius
573 3447 739 3514 multitudo
765 3450 894 3515 navium
920 3448 1069 3534 explicari
1095 3473 1162 3515 non

133 3541 278 3627 potuerit.
306 3541 407 3606 victus
426 3564 501 3629 ergo
519 3551 567 3607 est
585 3542 687 3628 magis
706 3541 800 3607 etiam
813 3543 944 3609 consilio
954 3542 1163 3609 Themistocli

134 3658 229 3720 quam
247 3634 341 3699 armis
361 3632 522 3702 Graeciae.

101 3751 115 3797 1
185 3728 226 3794 V.
253 3727 318 3793 Hic
336 3728 396 3792 etsi
413 3730 495 3794 male
512 3753 579 3795 rem
596 3741 751 3816 gesserat,
774 3741 880 3795 tamen
901 3738 1004 3795 tantas
1021 3730 1161 3796 habebat

133 3823 281 3908 reliquias
309 3822 483 3907 copiarum,
515 3834 550 3889 ut
575 3825 736 3889 etiamtum
767 3824 817 3888 his
849 3823 1024 3910 opprimere
1049 3836 1161 3910 posset

133 3917 250 3985 hostes.
281 3917 395 3983 iterum
416 3916 456 3983 ab
479 3919 590 3983 eodem
606 3920 708 4005 gradu
725 3918 875 4003 depulsus
894 3928 950 3983 est.
982 3941 1055 3984 narn
1074 3918 1162 3985 The-

133 4010 292 4078 mistocles
314 4033 441 4091 verens,
464 4033 504 4077 ne
522 4011 638 4079 bellare
655 4022 882 4100 perseveraret,
905 4013 1067 4080 certiorem
1086 4035 1161 4079 eum
