2564 4410
176 220 219 285 26
507 228 690 285 CORNELII
703 229 868 287 NEPOTIS

139 408 144 425 ,,
176 349 239 412 tius
258 345 318 412 sibi
335 344 493 432 agendum
515 364 588 407 cum
604 342 819 409 Pharnabazo.
851 344 925 410 huic
942 336 1202 432 ergo'renuntiat,

176 463 258 524 quae
275 439 343 524 regi
361 461 432 503 cum
449 436 710 502 Lacedaemoniis
729 447 847 516 essent,
868 435 968 523 [irrita
984 437 1119 524 futura]
1139 442 1204 506 nisi

143 559 158 606 3
177 532 375 599 Alcibiadem
388 531 495 596 vivum
513 539 567 594 aut
580 540 738 594 mortuum
756 530 816 596 sibi
833 532 1021 596 tradidisset.
1048 555 1112 597 non
1130 533 1205 599 tulit

176 629 237 692 hoc
255 636 393 710 satrapes
412 635 443 689 et
459 624 575 689 violare
590 623 786 690 clementiam
799 647 893 709 quam
906 626 990 711 regis
1008 648 1083 710 opes
1101 627 1205 692 minui

177 721 294 786 maluit.
320 719 425 802 itaque
442 718 527 781 misit
541 715 760 783 Susamithren
776 728 809 783 et
820 719 984 804 Bagaeum
1002 721 1043 783 ad
1059 718 1204 787 Alcibia-

178 816 250 879 dem
267 812 527 889 interfioiendum,
551 833 623 876 cum
639 812 692 876 ille
710 821 793 876 esset
802 813 847 876 ,in
863 812 1005 898 Phrygia
1021 814 1141 898 iterque
1159 817 1204 881 ad

142 936 159 981 4
177 930 284 995 regem
302 915 504 990 compararet.
532 905 621 969 missi
639 905 719 970 clam
732 906 893 985 vicinitati,
911 907 1019 990 inqua
1033 917 1100 971 tum
1112 907 1205 973 Alci·

175 1001 283 1067 biades
302 1009 381 1078 erat,
404 1000 479 1063 dant
500 999 676 1085 negotium,
699 1008 735 1062 ut
756 1021 829 1064 eum
845 999 1038 1065 interficiant.
1065 1000 1110 1064 illi
1127 1023 1203 1067 cum

175 1096 258 1160 ferro
276 1093 405 1180 aggredi
422 1116 486 1157 non
503 1093 665 1169 auderent,
688 1102 784 1157 noctu
801 1093 1100 1181 lignacontulerunt
1117 1095 1204 1161 circa

175 1212 282 1254 casam
299 1210 379 1264 eam,
396 1187 430 1250 in
447 1208 510 1269 qua
523 1184 713 1269 quiescebat,
733 1209 832 1270 eaque
846 1188 1081 1266 succenderunt,
1099 1199 1135 1253 ut
1150 1189 1204 1253 in-

176 1283 286 1348 cendio
300 1281 496 1358 conficerent,
515 1302 610 1362 quem
627 1302 723 1343 manu
737 1281 877 1365 superari
893 1303 986 1366 posse
1005 1282 1202 1348 diffidebant.

141 1397 157 1443 5
176 1377 227 1440 ille
245 1385 350 1440 autem
366 1383 401 1437 ut
419 1373 522 1437 sonitu
539 1372 682 1437 flammae
701 1383 749 1437 est
766 1374 933 1452 excitatus,
953 1376 1013 1439 etsi
1029 1375 1153 1462 gladius
1172 1378 1204 1442 ei

176 1477 242 1533 erat
255 1467 437 1543 subductus,
456 1464 616 1551 familiaris
632 1466 681 1530 sui
694 1464 837 1531 subalare
854 1468 951 1532 telum
969 1469 1090 1555 eripuit.
1111 1493 1204 1535 nam-

175 1585 236 1646 que
259 1571 325 1626 erat
347 1582 419 1625 oum
442 1562 479 1625 6ο
501 1560 629 1643 quidam
652 1582 692 1625 ex
712 1559 852 1626 Arcadia
872 1562 1003 1648 hospes,
1029 1565 1084 1647 qui
1108 1588 1204 1629 num-

145 1736 149 1743 ,
176 1679 271 1740 quam
288 1655 448 1719 discedere
466 1654 616 1718 voluerat.
643 1654 727 1719 hunc
751 1654 840 1739 sequi
859 1677 892 1720 se
909 1655 997 1720 iubet
1017 1667 1049 1721 et
1065 1658 1099 1721 id
1115 1647 1221 1742 quod¹

174 1751 207 1814 in
232 1748 408 1836 praesentia
429 1748 686 1813 vestimentorum
711 1747 784 1826 11111,
811 1749 928 1834 arripit.
962 1750 1012 1815 his
1033 1750 1067 1814 in
1092 1751 1202 1838 ignem

140 1865 156 1912 o
175 1845 281 1909 eiectis
304 1844 449 1908 fiammae
470 1843 536 1907 vim
553 1843 684 1907 transiit.
711 1864 806 1926 quem
823 1852 858 1907 ut
879 1842 1004 1909 barbari
1020 1845 1202 1910 incendium

175 1940 325 2025 effugisse
338 1938 491 2013 viderunt,
511 1937 580 2000 telis
599 1937 721 2000 eminus
735 1936 840 2002 missis
853 1937 1074 2004 interfecerunt
1091 1948 1203 2024 caput-

78 2110 81 2117 ,
174 2054 235 2115 que
250 2032 316 2096 eius
330 2032 370 2095 ad
384 2029 626 2094 Pharnabazum
638 2029 818 2095 retulerunt.
846 2040 878 2095 at
890 2031 1009 2110 mulier,
1028 2055 1109 2116 quae
1126 2054 1200 2098 cum

175 2147 212 2188 6ο
234 2124 340 2188 vivere
362 2132 540 2200 consuerat,
563 2122 708 2188 muliebri
730 2146 788 2188 sua
808 2133 895 2188 veste
918 2135 1095 2190 contectum
1114 2127 1203 2191 aedi-

174 2219 238 2283 ficii
258 2218 402 2282 incendio
423 2226 581 2282 mortuum
608 2211 769 2295 cremavit,
797 2219 882 2302 quod
903 2220 944 2284 ad
965 2220 1073 2291 vivum
1093 2221 1201 2286 interi-

150 2324 153 2329 '
174 2312 322 2377 mendum
345 2321 410 2376 erat
433 2321 654 2396 comparatum.
683 2313 728 2378 sic
750 2311 932 2378 Alcibiades
956 2337 1054 2380 annos
1078 2315 1202 2381 circiter

174 2408 382 2494 quadraginta
399 2416 491 2471 natus
510 2407 594 2471 diem
611 2405 688 2472 obiit
706 2428 896 2492 supremum.

141 2522 153 2565 1
224 2501 288 2566 XI.
315 2502 411 2566 Hunc
424 2501 610 2565 infamatum
628 2524 648 2565 a
663 2501 821 2586 plerisque
835 2509 897 2565 tres
911 2501 1090 2587 gravissimi
1102 2501 1202 2566 histo-

172 2594 230 2659 rici
247 2596 377 2660 summis
390 2594 536 2659 laudibus
551 2595 740 2672 extulerunt,
760 2594 972 2679 Thucydides,
990 2595 1044 2678 qui
1058 2595 1202 2660 eiusdem

129 2702 132 2706 ·
174 2689 283 2754 aetatis
302 2688 370 2766 fuit,
390 2688 624 2772 Theopompus,
643 2688 697 2770 qui
713 2698 786 2772 post
803 2688 960 2771 aliquanto
977 2697 1079 2765 natus,
1099 2697 1130 2752 61
1144 2688 1201 2753 Ti-

167 2800 290 2860 maeus,
305 2783 360 2866 qui
374 2782 501 2865 quidem
515 2781 577 2846 duo
589 2781 884 2861 maledicentissimi,
898 2782 1003 2848 nescio
1017 2803 1079 2865 quo
1091 2783 1198 2860 modo,

15 2890 20 2897 '
101 2876 155 2953 1⁵2
173 2877 207 2940 in
223 2876 276 2940 illo
294 2899 357 2939 uno
375 2876 532 2940 laudando
547 2876 759 2940 constiterunt.
785 2898 921 2960 namque
938 2899 985 2954 ea,
1003 2896 1083 2959 quae
1101 2896 1200 2961 supra

174 2969 370 3054 scripsimus,
395 2970 434 3033 de
450 2960 489 3033 Ι6ο
507 2970 737 3053 praedicarunt,
761 2979 855 3053 atque
872 2970 932 3035 hoc
954 2968 1102 3055 ampliust
1124 2991 1199 3034 cum

45 3058 53 3075 '
173 3063 318 3139 Athenis,
334 3061 586 3147 splendidissima
599 3063 733 3140 civitate,
752 3073 844 3128 natus
859 3077 951 3141 esset,
968 3085 1078 3129 omnes
1093 3063 1199 3147 splen·

138 3179 154 3225 a
173 3158 248 3221 dore
261 3178 298 3221 ac
317 3156 468 3241 dignitate
483 3178 647 3240 superasse
666 3156 748 3220 vitae
753 3181 762 3234 3
780 3166 947 3242 postquam
959 3156 1033 3221 inde
1047 3155 1197 3242 expulsus

173 3250 300 3315 Thebas
322 3250 456 3328 venerit,
479 3250 557 3314 adeo
579 3249 690 3315 studiis
713 3271 821 3315 eorum
841 3249 1025 3328 inservisse,
1048 3260 1084 3314 111
1104 3271 1198 3314 1161116

173 3365 245 3407 cum
262 3343 368 3408 labore
382 3342 582 3428 corporisque
598 3342 717 3407 viribus
734 3353 843 3428 posset
855 3344 1055 3429 aequiperare
1073 3340 1197 3426 (omncs

173 3437 256 3502 enim
277 3437 390 3503 Boeoti
411 3437 512 3525 magis
539 3438 677 3502 firmitati
699 3439 837 3523 corporis
859 3462 955 3523 quam
980 3439 1099 3526 ingenii
1124 3460 1199 3503 acu-

137 3556 156 3601 4
173 3532 250 3597 mini
271 3533 456 3618 inserviunt)
462 3559 471 3612 3
495 3534 629 3599 eundem
651 3535 735 3619 apud
756 3535 1040 3612 Lacedaemonios,
1064 3555 1199 3617 quorum

173 3625 311 3691 moribus
331 3649 453 3690 summa
470 3628 568 3692 virtus
585 3627 619 3691 in
635 3628 785 3713 patientia
800 3628 983 3714 ponebatur,
1003 3627 1048 3692 sic
1065 3627 1198 3693 duritiae

174 3742 208 3785 se
227 3720 365 3796 dedisse,
388 3729 423 3783 ut
439 3722 628 3804 parsimonia
648 3721 750 3786 victus
768 3731 861 3805 atque
883 3721 985 3786 cultus
1004 3743 1113 3785 omnes
1130 3721 1199 3784 La·

174 3813 390 3879 cedaemonios
413 3814 564 3892 vinceret3
586 3815 685 3880 fuisse
707 3816 792 3901 apud
810 3815 963 3892 Thracas,
986 3814 1128 3879 homines
1150 3813 1198 3877 vi-

173 3909 314 3975 nolentos
332 3909 489 3993 rebusque
506 3910 645 3975 venereis
664 3911 794 3987 deditos,
812 3909 870 3974 hos
888 3930 1014 3993 quoque
1031 3908 1064 3972 in
1081 3907 1130 3972 his
1148 3929 1198 3972 re-

141 4000 234 4068 sbus
256 4004 477 4082 antecessisse3
503 4003 628 4069 venisse
650 4004 691 4069 ad
711 4004 841 4083 Persas,
865 4004 950 4089 apud
971 4025 1051 4088 quos
1073 4024 1199 4067 summa
