2564 4410
504 285 729 343 umrmnns.
821 330 823 334 .
942 248 945 259 '
1111 279 1132 344 3
1238 366 1240 372 Ι

107 414 257 475 eorum
235 404 378 469 rolnnat
332 403 598 489 tat'eperpetuo
589 402 756 488 imperium
777 402 943 482 obtineret,
966 405 1020 489 qui
1037 406 1132 471 mise-
1233 476 1239 485 ,

105 510 184 577 rant,
203 521 299 583 quam
315 497 453 575 illorum,
477 517 549 561 cum
571 495 685 580 quibus
708 506 774 561 erat
790 497 959 583 profectus
995 497 1132 566 Cherso-
1149 519 1194 566 4·

105 618 183 661 neso
202 594 256 659 tali
273 593 367 657 modo
390 592 558 657 constituta
575 592 736 656 Lemnum
752 593 917 657 revertitur
934 604 965 659 et
982 617 1023 660 ex
1038 606 1131 682 pacto

105 687 256 776 postulat,
279 695 315 750 nt
333 684 394 751 sibi
415 685 526 750 urbem
544 685 676 750 tradant.
712 685 758 749 illi
779 687 863 751 enim
880 687 1036 767 dixerant,
1060 711 1133 756 cum

105 794 201 849 vento
213 783 310 847 borea
322 781 416 846 domo
429 779 589 867 profectus
599 801 637 845 eo
649 781 853 866 pervenisset,
874 802 944 846 sese
958 783 1131 852 dedituros:

107 900 142 943 se
170 885 273 941 autem
300 875 428 939 domurn
457 872 649 941 Chersonesi
675 872 799 939 habere.
846 873 958 954 Cares,
985 878 1040 961 qni
1065 889 1166 945 tumr
1197 879 1201 885 '

105 972 266 1036 Lemnum
283 966 468 1046 incolebant,
488 966 548 1033 etsi
564 977 688 1053 praeter
705 969 882 1054 opinionem
898 992 950 1035 res
968 972 1131 1053 ceciderat,

106 1074 212 1130 tamen
229 1086 292 1128 non
305 1063 399 1139 dicto,
419 1062 475 1127 sed
494 1061 632 1126 secunda
645 1061 770 1127 fortuna
783 1060 1032 1129 adversariorum
1050 1068 1133 1153 capti

106 1159 250 1224 resistere
269 1157 338 1221 ausi
355 1178 419 1221 non
437 1164 511 1219 sunt
528 1153 622 1240 'atque
639 1177 679 1219 ex
695 1155 800 1220 insula
816 1156 1037 1244 demigrarunt.
1064 1162 1133 1245 pari

106 1254 254 1319 felicitate
273 1262 393 1317 ceteras
411 1251 549 1337 insulas,
560 1272 642 1334 quae
661 1249 817 1336 Cyclades
835 1252 1048 1331 nominantur,
1073 1255 1132 1320 sub

106 1347 352 1415 Atheniensium
369 1345 491 1432 redegit
507 1354 705 1430 potestatem.
1037 1340 1039 1345 ’

157 1441 219 1507 ΠΙ.
245 1441 380 1506 Eisdem
397 1439 591 1526 temporibus
604 1438 775 1505 Persarum
791 1462 848 1505 rex
860 1439 981 1507 Darius
999 1463 1039 1506 ex
1051 1440 1134 1508 Asia
1147 1458 1165 1504 -ι

105 1539 138 1602 in
156 1537 319 1622 Europam
342 1535 481 1600 exercitu
502 1535 631 1599 traiecto
654 1532 782 1619 Scythis
803 1534 922 1600 bellum
943 1536 1057 1602 inferre
1079 1538 1135 1603 de-
1159 1583 1161 1587 .

107 1632 212 1697 crevit.
252 1638 380 1715 pontem
402 1627 477 1693 fecit
499 1628 533 1691 in
553 1627 665 1692 Histro
687 1628 836 1707 flumine,
853 1651 916 1712 qua
938 1630 1044 1716 copias
1072 1641 1134 1697 tra·

107 1727 244 1790 duceret.
281 1722 348 1785 eius
366 1721 486 1807 pontis,
511 1721 586 1785 dum
604 1721 672 1806 ipse
691 1720 826 1799 abesset,
846 1723 992 1793 custodes
1009 1725 1134 1809 reliquit

106 1817 278 1903 principes,
300 1837 380 1899 quos
400 1837 508 1880 secum
530 1836 570 1879 ex
586 1813 678 1879 Ionia
696 1823 727 1879 et
743 1812 878 1880 Aeolide
896 1816 1042 1901 duxerat3
1064 1819 1134 1901 qui·-
1159 1884 1161 1888 Α

106 1912 168 1976 bus
191 1909 324 1996 singulis
346 1909 487 1995 ipsarum
513 1906 639 1973 ‘urbium
660 1919 813 1993 perpetua
838 1909 967 1974 dederat
991 1911 1131 1996 imperia.
1194 1938 1198 1947 ·

108 2006 155 2070 sic
185 2006 269 2070 enirn
295 2001 449 2069 facillime
469 2003 591 2089 putavit
617 2025 651 2068 se
675 1999 799 2069 Graeca
823 2002 933 2090 lingua
957 2004 1131 2089 loquentes,
1151 2019 1166 2066 a

107 2099 162 2184 qui
182 2097 296 2163 Asiam
318 2097 500 2176 incolerent,
525 2096 584 2163 sub
611 2120 669 2162 sua
694 2107 888 2162 retenturum
909 2108 1078 2184 potestate,
1106 2101 1135 2165 si

108 2192 217 2257 amicis
236 2192 302 2256 suis
320 2186 437 2277 oppida
454 2192 571 2256 tuenda
588 2191 777 2268 tradidisset,
797 2190 911 2276 quibus
930 2214 964 2257 se
982 2215 1134 2279 oppresso
1191 2216 1194 2221 ·
1246 2240 1251 2253 .

108 2286 196 2351 nulla
213 2309 286 2373 spes
305 2286 415 2351 salutis
432 2285 712 2369 relinqueretur.
702 2309 736 2350 ιιι
747 2286 813 2351 hoo
835 2285 896 2350 fuit
883 2295 981 2358 tturn
1002 2310 1133 2366 numero
1193 2308 1196 2313 ·

107 2380 285 2459 Miltiades,
314 2381 365 2445 cui
395 2380 449 2444 illa
471 2379 614 2444 custodia
640 2380 825 2448 crederetur.
865 2380 917 2445 hic
939 2402 1012 2445 cum
1034 2380 1167 2446 crebris

107 2473 394 2550 afferrentnuntii,
426 2471 507 2536 male
532 2494 600 2536 rem
625 2494 734 2559 gerere
759 2471 896 2537 Darium
926 2475 1088 2559 premique
1115 2499 1134 2540 a

109 2568 254 2655 Scythis,
266 2566 429 2659 Miltiades
447 2566 589 2631 hortatus
608 2576 656 2631 est
677 2566 781 2653 pontis
800 2567 957 2645 custodes,
975 2591 1015 2633 ne
1033 2593 1053 2634 a
1069 2569 1134 2634 for-

107 2675 183 2728 tuna
205 2663 311 2726 datam
333 2661 531 2726 occasionem
557 2660 737 2725 liberandae
760 2662 910 2726 Graeciae
933 2662 1151 2738 dimitterent.¹

106 2779 182 2822 nam
204 2755 322 2820 sicum
343 2754 391 2819 bis
410 2754 523 2841 copiis,
547 2776 626 2838 quas
645 2777 754 2820 secum
776 2760 1015 2842 transportaret,
1037 2757 1166 2822 inter-4

106 2851 185 2916 isset
201 2848 334 2926 Darius,
357 2871 422 2913 non
440 2848 543 2913 solum
560 2847 723 2933 Europam
740 2847 808 2914 fore
826 2858 939 2927 tutam,
965 2850 1021 2914 sed
1040 2851 1133 2916 etiam

107 2968 172 3022 eos,
191 2944 246 3028 qui
261 2942 377 3008 Asiam
393 2943 563 3023 incolerent
581 2940 696 3010 Graeci
713 2964 837 3030 genere,
856 2942 970 3009 liberos
989 2943 1134 3010 aPersa

105 3061 177 3121 rum
194 3038 317 3103 futuros
331 3037 541 3105 dominatione
554 3046 585 3102 et
601 3037 755 3123 pericul03
773 3047 804 3102 et
791 3037 913 3109 tfacile
927 3037 1011 3103 effici
1027 3061 1131 3149 posse,

105 3141 202 3219 ponte
224 3131 307 3196 enim
332 3132 468 3196 rescisso
489 3154 598 3219 regem
619 3132 669 3196 vel
690 3131 829 3196 hostium
851 3132 934 3197 ferro
955 3133 1037 3197 vel
1027 3134 1133 3218 rnopia

105 3226 215 3312 paucis
238 3224 576 3290 diebusinteriturum.
617 3225 740 3291 adhoc
762 3226 927 3291 consilium
950 3226 1166 3311 cumpleri-5

106 3342 168 3404 que
183 3306 374 3397 accederent,
388 3319 551 3405 Histiaeus
560 3318 717 3430 Milesius,
732 3342 772 3385 ne
784 3341 835 3385 res
851 3319 1016 3384 conficeret
1003 3329 1062 3397 tur,
1077 3319 1133 3385 ob-

107 3413 185 3479 stitit
172 3413 318 3479 tdicens:
336 3436 400 3478 non
412 3413 523 3477 idem
513 3414 601 3500 1psis,
621 3414 675 3498 qui
689 3436 828 3478 summas
841 3413 964 3522 Mperii
981 3422 1131 3492 tenerent,

107 3508 253 3592 expedire
276 3518 307 3576 et
294 3508 407 3572 ttmul
396 3507 533 3585 titudini,
556 3509 641 3592 quod
662 3507 755 3573 Darii
776 3529 874 3594 regno
896 3507 1037 3592 ipsorum
1053 3509 1132 3577 nite-

105 3614 192 3671 retur
213 3605 397 3684 dominatio;
424 3627 486 3689 quo
509 3605 662 3671 exstincto
688 3605 774 3690 ipsos
800 3611 955 3689 potestate
982 3604 1131 3690 expulsos

106 3697 230 3765 civibus
249 3700 314 3765 suis
331 3722 450 3786 poenas
473 3700 610 3766 daturos.
646 3700 751 3783 itaque
774 3699 853 3763 adeo
876 3720 910 3763 se
929 3697 1095 3764 abhorrere
1112 3720 1138 3761 a·

106 3803 282 3858 ceterorum
299 3792 437 3870 consilio,
460 3802 497 3857 ut
484 3793 590 3858 tnihil
607 3803 696 3879 putet
712 3792 791 3878 ipsis
809 3791 926 3870 utilius,
946 3814 1040 3876 quam
1058 3812 1132 3857 ιιοιι-
1179 3786 1181 3791 ’

105 3887 224 3953 firmari
241 3893 374 3974 regnum
387 3887 568 3954 Persarum.
580 3887 688 3956 .huius
712 3910 785 3971 cum
803 3910 859 3954 sen
859 3886 988 3952 tentiam
1004 3884 1131 3994 plurimi
1150 3902 1164 3948 6

107 3992 214 4048 essent
227 3982 336 4060 secuti,
355 3982 527 4062 Miltiades,
546 4004 610 4047 non
627 3965 774 4047 dubitans
791 3990 856 4046 tam
873 3980 961 4045 mult
940 3992 979 4047 trs
997 3979 1136 4055 consciis

106 4077 149 4141 ad
165 4077 250 4164 regis
268 4099 360 4143 aures
374 4077 504 4143 consilia
518 4100 576 4144 sua
592 4077 815 4164 perventura,
813 4074 1072 4158 Chersonesum
1081 4049 1165 4124 ιιιι-

909 4172 948 4222 ν
