2564 4410
346 231 379 285 T.
392 226 611 286 POMPONIUS
621 226 799 285 armeus.
1045 214 1086 279 91

55 347 171 414 modis.
194 344 420 431 quodquidam
434 342 494 410 suh
507 343 577 430 ipsa
589 343 814 430 proscriptione
827 342 1003 429 perillustre
1017 342 1086 408 fuit.
1106 363 1122 411 s

55 465 134 507 nam
154 464 227 507 cum
244 442 286 505 L.
306 436 442 515 Saufeii,
470 436 583 521 equitis
600 437 750 515 Romani,
777 437 918 522 aequalis
941 438 1004 515 sui,
1032 439 1088 521 qui

57 536 237 622 complures
269 556 368 599 annos
400 533 504 598 studio
535 533 647 599 ductus
677 532 895 619 philosophiae
925 531 1088 598 habitabat

56 630 195 697 Athenis
208 627 408 712 habebatque
420 627 454 692 in
462 626 555 692 Italia
567 627 722 713 pretiosas
735 627 963 713 possessiones,
978 626 1087 691 trium·

57 725 120 789 viri
134 723 218 790 hona
230 722 447 789 vendidissent
464 722 689 787 consuetudine
707 743 754 800 ea,
772 744 836 806 qua
853 730 921 786 tum
933 743 983 787 res
997 743 1089 808 gere-

56 818 182 896 bantur,
198 816 297 883 Attici
314 815 421 882 labore
439 825 533 901 atque
550 815 704 881 industria
715 814 835 881 factum
853 824 910 893 est,
929 824 964 879 ut
977 816 1088 879 eodem

57 912 169 979 nuntio
188 909 337 978 Saufeius
355 910 444 976 fieret
462 910 582 988 certior,
602 932 637 975 se
653 909 875 996 patrimonium
893 909 1037 974 amisisse
1055 918 1087 974 et

56 1029 272 1093 recuperasse.
298 1007 383 1072 idem
392 1007 434 1070 L.
443 1005 561 1070 Iulium
572 1004 728 1084 Calidum,
747 1028 843 1090 quem
859 1016 932 1091 post
943 1004 1087 1071 Lucretii
1105 1028 1123 1073 4

59 1100 241 1186 Catullique
258 1110 391 1166 mortem
403 1098 785 1188 multoelegantissimum
802 1104 929 1185 poetam
946 1108 1087 1165 nostram

58 1195 171 1271 tulisse
183 1204 318 1261 aetatem
334 1216 408 1260 vere
420 1194 530 1259 videor
545 1216 640 1280 posse
650 1193 846 1272 contendere,
865 1215 967 1277 neque
981 1193 1086 1259 minus

43 1290 164 1355 sirum
176 1289 294 1355 bonum
307 1288 496 1375 optimisque
508 1287 628 1354 artibus
642 1288 808 1365 eruditum,
827 1309 922 1371 quem
930 1296 1003 1372 post
1015 1309 1089 1372 pro-

59 1383 261 1467 scriptionem
279 1383 419 1466 equitum
441 1391 569 1468 propter
584 1405 717 1469 magnas
740 1382 807 1447 eius
825 1380 996 1446 Africanas
1013 1402 1088 1467 pos-

58 1478 219 1544 sessiones
236 1479 270 1543 in
286 1477 531 1565 proscriptorum
547 1500 712 1542 numerum
726 1476 792 1542 aP.
803 1475 984 1553 Volumnio,
998 1497 1088 1562 prae-

58 1571 146 1637 fecto
163 1570 289 1636 fabrum
306 1570 453 1646 Antonii,
472 1569 583 1635 absent
570 1580 635 1635 tem
651 1569 785 1635 relatum
808 1569 975 1655 expedivit.
1002 1569 1122 1654 quoda

57 1664 269 1751 inpraesenti
285 1672 391 1728 utrum
408 1684 438 1727 er
427 1661 640 1729 laboriosius
658 1686 699 1727 an
715 1663 883 1750 gloriosius
901 1663 1009 1741 fuerit,
1027 1663 1090 1728 dif-

58 1758 143 1825 ficile
169 1757 230 1823 fuit
217 1756 402 1835 tiudicare,
428 1757 548 1840 quod
538 1780 572 1821 ιιι
598 1763 707 1823 eorum
732 1756 878 1843 periculis
906 1780 970 1822 non
997 1779 1124 1825 secus

58 1852 209 1919 absentes
223 1873 331 1951 quam
351 1860 533 1939 praesentes
556 1851 674 1917 amicos
696 1850 765 1917 At't
731 1860 805 1918 ttrco
828 1873 898 1917 esse
920 1873 1013 1916 curae
1036 1873 1112 1937 co-
1114 1834 1234 1915 9Ιὺι

39 1934 186 2035 'emtum
200 1944 261 2011 aa.
1103 1877 1270 2043 tavi

112 2040 212 2105 XIII.
239 2038 350 2124 Neque
367 2062 442 2104 vero
459 2038 564 2105 ille
534 2063 582 2104 ιιι
599 2039 702 2105 minus
726 2039 827 2105 bonus
844 2048 934 2125 pater
950 2038 1121 2108 familiasr
1176 2084 1196 2142 5
1200 2086 1242 2147 g

58 2134 149 2201 habit
137 2145 187 2199 tus
206 2143 254 2199 est
272 2156 367 2218 quam
385 2133 472 2200 civis.
499 2156 572 2199 nam
591 2144 760 2200 cumesset
776 2134 976 2220 pecuniosus,
995 2157 1087 2200 nemo
1239 2090 1263 2183 7

58 2228 115 2295 illo
131 2229 236 2293 minus
253 2227 315 2293 fuit
331 2251 432 2306 emax,
451 2228 555 2294 minus
570 2229 758 2295 aedificator.
785 2251 887 2314 neque
906 2239 1012 2295 tamen
1024 2253 1089 2295 non

58 2324 95 2389 in
111 2322 220 2408 primis
243 2321 324 2387 bene
345 2322 498 2388 habitavit
515 2322 868 2409 omnibusqueoptimis
890 2322 985 2388 rebus
1008 2346 1086 2388 usus

60 2426 119 2483 cst
145 2439 221 2481 nam
238 2416 366 2482 domum
384 2415 494 2481 habuit
510 2416 544 2480 in
562 2417 641 2482 colle
655 2415 810 2498 Quirinali
824 2416 1085 2502 Tamphilianam,
1106 2437 1121 2485 2

60 2509 102 2576 ab
121 2510 276 2577 avunculo
294 2511 465 2576 hereditate
483 2510 637 2589 relictam,
656 2511 745 2576 cuius
764 2510 936 2576 amoenitas
954 2533 1018 2575 non
1035 2533 1088 2576 ae-

60 2603 176 2683 dilicio,
195 2605 251 2671 sed
265 2604 344 2670 silva
358 2603 530 2670 constabat
557 2605 662 2691 ipsum
675 2605 759 2670 enim
771 2613 898 2682 tectum,
917 2605 1088 2689 antiquitus

61 2698 281 2777 constitutum,
306 2699 379 2785 plus
406 2698 480 2764 salis
506 2721 602 2784 quam
629 2708 772 2785 sumptus
794 2697 944 2776 habebat3
970 2699 1089 2783 inquo

59 2793 140 2858 nihil
157 2793 369 2871 commutavit,
388 2793 450 2858 nisi
467 2793 495 2858 si
511 2794 588 2877 quid
605 2803 760 2858 vetustate
779 2794 906 2859 coactus
925 2801 982 2858 est.
1008 2813 1086 2857 usus
1106 2815 1132 2862 3.

60 2898 111 2955 est
127 2886 261 2966 familia,
284 2889 312 2953 si
328 2887 460 2952 utilitate
477 2888 680 2961 iudicandum
698 2897 761 2964 est,
780 2887 911 2973 optima,
931 2887 958 2951 si
975 2885 1087 2964 forma,
1170 2898 1174 2905 '

61 2983 116 3047 vix
134 2981 291 3047 mediocri.
320 3003 455 3065 namque
468 2982 501 3045 in
514 3004 552 3047 ea
565 2992 652 3047 erant
669 2982 758 3067 pueri
769 2980 996 3058 litteratissimi,
1014 3004 1090 3046 ana-

60 3085 195 3163 gnostae
212 3076 322 3162 optimi
339 3084 370 3141 et
391 3075 517 3162 plurimi
534 3075 665 3153 librarii,
684 3086 775 3141 utne
792 3076 1001 3163 pedissequus
1019 3074 1089 3157 qui-

61 3170 134 3234 dem
157 3169 325 3254 quisquam
348 3179 446 3248 esset,
474 3171 528 3254 qui
550 3193 614 3236 non
635 3179 802 3253 utrumque
824 3169 937 3259 horum
957 3167 1087 3253 pulchre

61 3262 166 3329 facere
183 3272 305 3349 posset3
327 3264 507 3350 parimodo
525 3265 662 3329 artifices
681 3263 789 3341 ceteri,
813 3285 893 3346 quos
911 3262 1012 3327 cultus
1031 3260 1088 3325 do-

61 3358 212 3423 mesticus
239 3358 409 3436 desiderat,
437 3359 575 3446 apprime
601 3358 685 3424 boni.
721 3379 822 3442 neque
844 3366 950 3422 tamen
974 3356 1122 3422 horum4

62 3473 262 3536 quemquam,
281 3452 441 3517 nisi'domi
453 3463 563 3517 natum
575 3453 723 3537 domique
736 3452 856 3517 factum
868 3450 987 3528 habuit,
1001 3450 1088 3534 quod

60 3554 111 3611 est
129 3545 256 3632 signum
272 3568 336 3612 non
354 3546 455 3611 solum
473 3547 691 3625 continentiae,
711 3547 879 3612 sedetiam
897 3545 1086 3633 diligentiae.

60 3662 136 3705 nam
154 3649 185 3705 et
202 3663 267 3705 non
287 3641 530 3727 intemperanter
547 3641 782 3727 concupiscere,
805 3641 926 3725 quoda
944 3639 1086 3726 plurimis

60 3734 185 3813 videas,
209 3735 396 3801 continentis
415 3735 512 3801 debet·
530 3736 613 3814 duci,
632 3746 663 3801 et
684 3735 788 3821 potius
807 3735 970 3822 diligentia
991 3755 1086 3817 quam

60 3829 161 3914 pretio
178 3852 303 3915 parare,
325 3855 389 3898 non
405 3831 571 3897 mediocris
590 3840 639 3896 est
659 3831 840 3897 industriae.
868 3830 1005 3915 elegans,
1023 3850 1087 3892 non
1106 3849 1121 3896 5

60 3924 262 4011 magnificus,
287 3925 481 4011 splendidus,
504 3948 568 3991 non
589 3934 808 4011 sumptuosus,
832 3923 995 4006 omnisque
1018 3920 1088 3985 dili-

59 4019 169 4105 gentia
194 4020 393 4101 munditiam,
421 4045 484 4088 non
511 4019 704 4087 affluentiam
731 4018 909 4088 affectabat.
947 4016 1088 4102 supellex
