2564 4410
167 212 210 276 40
504 216 687 274 CORNELII
699 216 860 273 NEPOTIS

166 337 332 425 pecuniam
341 342 536 400 numeratam
548 332 731 418 accepisset,
750 332 802 396 ille
816 333 901 397 cives
917 353 991 397 suos
1006 354 1082 419 agro
1096 342 1196 418 atque

166 431 297 497 urbibus
307 429 416 516 augeri
424 428 534 492 maluit
542 449 638 510 quam
646 427 679 490 id
689 447 821 503 sumere,
829 426 918 492 c'uius
927 435 1050 511 partem
1059 427 1195 495 domum

43 524 46 531 ’
168 549 259 591 suam
284 524 367 589 ferre
392 532 509 608 posset.
546 521 651 604 itaquo
677 520 798 605 accepit
821 518 984 586 Crithoten
1002 530 1033 586 et
1051 518 1195 588 Sestum.

135 642 147 688 1
218 619 263 684 Π.
290 619 380 682 Idem
394 615 487 680 classi
499 614 676 700 praefectus
690 613 925 692 circumvehens
938 612 1198 699 Peloponnesum

165 713 348 779 Laconicen
372 711 540 797 populatus
566 709 701 774 classem
727 730 835 773 eorum
851 708 982 795 fugavit.
1020 707 1199 794 Corcyram

167 807 227 872 sub
244 805 410 890 imperium
428 804 671 869 Atheniensium
687 802 824 889 redegit,
849 804 1013 887 sociosque
1034 804 1120 868 idem
1140 805 1199 869 ad-

165 900 267 967 iunxit
284 899 441 985 Epirotas,
460 896 667 972 Athamanas,
688 895 837 961 Chaonas
855 918 1026 982 omnesque
1044 919 1098 963 eas
1116 919 1199 984 gen-

133 1017 148 1065 a
166 1006 228 1072 tes,
255 1014 336 1077 quae
362 1013 447 1056 mare
469 990 547 1055 illud
569 991 720 1055 adiacent.
756 1011 820 1074 quo
842 989 926 1055 facto
947 990 1199 1057 Lacedaemonii

166 1090 206 1153 de
224 1088 344 1152 diutina
361 1085 556 1151 contentione
569 1084 753 1149 destiterunt
771 1093 803 1148 et
820 1107 879 1149 sua
897 1093 1008 1169 sponte
1019 1084 1198 1151 Athenien-

168 1182 254 1247 sibus
277 1181 400 1266 imperii
422 1179 568 1243 maritimi
589 1177 799 1263 principatum
826 1188 1047 1244 concesserunt
1067 1200 1200 1265 pacem-

50 1275 54 1279 ’
166 1298 228 1361 que
245 1275 295 1340 his
313 1273 436 1360 legibus
455 1272 694 1348 constituerunt,
717 1280 752 1335 ut
769 1268 981 1338 Athenienses
999 1273 1078 1337 mari
1096 1273 1198 1339 duces

167 1379 282 1434 essent.
310 1389 391 1451 quae
412 1366 542 1430 victoria
559 1373 664 1429 tantae
685 1364 746 1429 suit
762 1362 879 1431 Atticis
901 1366 1050 1444 laetitiae,
1072 1375 1109 1430 ut
1125 1375 1198 1432 tum

166 1462 304 1548 primum
325 1482 397 1524 arae
413 1458 492 1523 Paci
508 1457 633 1544 publice
657 1459 719 1522 sint
740 1457 857 1537 factae,
881 1459 970 1543 eique
993 1460 1070 1525 deae
1091 1460 1199 1546 pulvi·

134 1579 149 1627 3
167 1579 225 1621 nar
243 1556 284 1619 sit
300 1554 486 1619 institutum.
514 1553 603 1617 cuius
621 1552 723 1617 laudis
741 1562 777 1616 ut
793 1554 945 1619 memoria
961 1562 1114 1631 maneret,
1138 1552 1197 1619 Ti-

166 1649 292 1714 motheo
304 1647 429 1733 publice
444 1656 578 1712 statuam
590 1647 623 1710 in
637 1646 705 1719 foro
722 1657 903 1732 posuerunt.
930 1647 986 1731 qui
1001 1646 1102 1712 honos
1118 1644 1197 1713 huic

166 1743 222 1807 uni
244 1751 315 1806 ante
335 1742 369 1807 id
390 1752 514 1826 tempus
538 1741 681 1826 contigit,
703 1750 753 1819 ut,
777 1762 849 1805 cum
870 1741 951 1826 patri
972 1740 1107 1826 populus
1131 1750 1196 1805 sta-

167 1847 252 1903 tuam
264 1837 431 1922 posuisset,
449 1836 514 1899 fflio
532 1856 657 1918 quoque
670 1834 766 1898 daret.
798 1835 845 1899 sic
861 1835 948 1900 iuxta
964 1835 1067 1920 posita
1083 1856 1196 1901 recens

166 1931 292 1995 filiit
239 1939 292 1994 vet
293 1953 378 1995 erem
394 1930 491 2014 patris
509 1928 671 1993 renovavit
688 1928 880 1993 memoriam

133 2047 147 2092 1
218 2022 279 2088 III.
306 2023 371 2087 Hic
389 2044 462 2086 cum
485 2030 569 2085 esset
586 2044 702 2107 magno
723 2031 849 2087 nattue
846 2022 1067 2109 magistratus
1084 2044 1196 2108 gerere

167 2118 310 2193 desisset,
328 2116 412 2182 bello
424 2114 636 2181 Athenienses
654 2116 793 2201 undique
805 2119 919 2211 premi
919 2125 992 2183 sunt
1009 2117 1120 2203 coepti.
1139 2116 1197 2181 de-

166 2212 284 2275 fecerat
297 2207 428 2287 Samus3
447 2209 599 2275 descierat
587 2209 799 2297 ttHellespon
801 2192 1196 2297 us3Phrhppus1smtum

166 2303 274 2368 valens
296 2303 432 2368 Macedo
453 2302 553 2368 multa
578 2303 777 2383 moliebat,ur
805 2306 856 2370 cui
885 2306 1009 2391 opposit
1009 2328 1047 2370 us
997 2303 1195 2370 tChares

132 2420 147 2466 2
167 2419 239 2464 cum
265 2406 362 2476 esset,
389 2420 453 2462 non
477 2397 552 2461 satis
574 2397 608 2461 in
630 2419 667 2462 eo
689 2398 838 2484 praesidii
858 2410 915 2485 put
903 2399 988 2464 tabat
976 2408 1048 2464 turs
1065 2398 1102 2463 fit
1121 2397 1197 2463 Me-

166 2492 314 2557 nestheus
332 2501 469 2578 praetor,
488 2491 571 2556 filius
589 2491 770 2577 Iphicratis,
789 2515 887 2579 gener
904 2492 1076 2569 Timothei,
1096 2500 1141 2569 et,
1160 2501 1198 2555 ut

166 2585 208 2649 ad
220 2582 337 2649 bellum
350 2584 575 2670 proficiscatur,
594 2586 778 2650 decernitur.
805 2586 880 2651 huic
892 2587 926 2651 in
938 2586 1104 2651 consilium
1116 2585 1197 2649 dan-

166 2687 217 2742 tur
234 2678 297 2742 duo
310 2699 372 2741 usu
385 2677 599 2762 sapientiaque
611 2688 816 2762 praestantes,
836 2701 970 2764 quorum
983 2679 1113 2745 consilio
1125 2686 1198 2743 ute-

165 2782 263 2849 retur,
281 2780 370 2858 pater
388 2782 418 2836 et
436 2793 538 2849 socer,
557 2772 642 2855 quod
658 2771 692 2837 in
708 2772 758 2837 his
776 2782 862 2838 tanta
879 2783 945 2839 erat
962 2772 1140 2850 auctoritas,
1159 2781 1197 2837 ut

132 2888 282 2951 amagna
309 2887 382 2950 spes
405 2874 501 2943 esset,
527 2887 585 2950 per
610 2887 665 2931 eos
687 2867 806 2931 amissa
826 2889 920 2952 posse
942 2865 1128 2953 recuperari.
1160 2865 1197 2930 hi

167 2981 240 3024 cum
258 2956 391 3023 Samum
408 2957 541 3043 profecti
558 2969 664 3024 essent
682 2969 713 3024 et
730 2961 842 3025 codem
856 2959 977 3026 Chares
995 2960 1121 3025 illorum
1138 2959 1197 3025 ad·

165 3061 262 3118 ventu
280 3051 405 3137 cognito
424 3072 495 3115 cum
514 3051 579 3115 suis
598 3054 697 3137 copiis
709 3054 967 3138 proficisceretur,
984 3076 1025 3118 ne
1043 3053 1121 3137 quid
1137 3052 1197 3119 ab·

166 3154 255 3212 sente
277 3167 312 3210 se
334 3153 461 3231 gestum
482 3145 654 3223 videretur,
678 3147 804 3225 accidit,
827 3170 900 3212 cum
922 3148 962 3213 ad
983 3147 1120 3213 insulam
1138 3170 1197 3233 ap-

165 3242 418 3326 propinquarent,
436 3247 472 3302 ut
483 3262 599 3326 magna
612 3249 781 3327 tempestas
796 3253 943 3320 oreretur,
962 3263 1058 3326 quam
1076 3239 1196 3307 evitare

61 3374 66 3381 -
165 3335 228 3398 duo
245 3344 366 3400 veteres
388 3334 590 3418 imperatores
608 3335 683 3399 utile
701 3333 840 3401 arbitrati
857 3359 948 3402 suam
966 3334 1101 3400 classem
1119 3356 1198 3421 sup-

130 3438 401 3537 rpresseruntm
382 3428 484 3495 atille
507 3430 670 3494 temeraria
692 3451 769 3494 usus
790 3432 910 3497 ratione
931 3452 996 3495 non
1014 3429 1109 3495 cessit
1125 3452 1197 3496 ma-

164 3523 267 3587 iorum
284 3530 360 3586 natu
377 3522 606 3600 auctoritati,e
589 3531 633 3601 e,t
655 3524 740 3587 uint
707 3547 816 3590 msua
837 3549 934 3591 manu
955 3533 1039 3589 esset
1056 3523 1196 3602 fortuna,

165 3637 228 3699 quo
247 3615 460 3694 contenderat,
482 3616 639 3700 pervenit,
663 3617 836 3703 eodemque
857 3629 893 3683 ut
910 3626 1129 3703 sequerentur,
1152 3616 1196 3681 ad

165 3707 368 3774 Timotheum
394 3717 425 3772 et
446 3708 636 3794 Iphicratem
660 3712 805 3776 nuntium
827 3713 920 3776 misit.
954 3711 1029 3776 hinc
1054 3709 1136 3775 male
1158 3732 1198 3775 rc

164 3814 269 3890 gesta,
296 3802 507 3889 compluribus
530 3803 655 3870 amissis
677 3805 826 3884 navibus,
851 3828 902 3884 eo,
925 3806 1010 3869 unde
1033 3813 1099 3869 erat
1119 3824 1197 3889 pro·

163 3897 280 3976 fectus,
304 3919 339 3963 se
360 3898 476 3983 recepit
497 3896 677 3984 litterasque
694 3898 838 3966 Athenas
859 3899 985 3985 publice
1008 3898 1107 3975 misit,
1131 3896 1196 3965 sibi

162 3990 302 4077 proclive
324 3991 424 4058 fnisse
442 3988 575 4057 Samum
598 4015 722 4078 capere,
745 3993 806 4059 nisi
828 3992 1033 4059 aTimotheo
1055 4000 1087 4057 et
1103 3989 1197 4077 Iphi·
1261 4032 1267 4039 ·
