2564 4410
131 218 174 283 ea
201 206 204 212 ’
461 227 646 283 ooauanu
661 226 824 284 unroms

131 345 349 410 inexercitatae
364 353 394 407 et
407 365 470 407 non
483 341 581 405 multo
596 352 667 405 ante
681 351 768 405 erant
783 351 966 420 contractae,
986 344 1161 411 adventare

132 449 236 504 autem
258 438 433 502 dicerentur
450 435 755 520 Hellespontumque
773 436 922 501 transisse
939 435 1111 522 Antipater
1129 450 1161 504 et

132 532 281 598 Craterus
299 553 415 617 magno
433 552 506 594 cum
524 529 663 594 exercitu
680 528 905 607 Macedonum,
924 531 984 594 viri
1002 553 1077 595 cum
1096 533 1161 599 cla·
1196 602 1199 607 ,

130 628 221 691 ritate
242 636 308 690 tum
331 648 392 690 usu
413 625 488 690 belli
508 633 703 709 praestantes
722 622 929 707 <Macedones
947 647 1022 690 vero
1041 626 1160 692 milites

97 743 170 789 aea
192 730 258 784 tum
282 730 369 784 erant
390 719 490 796 fama,
519 741 582 803 qua
598 740 682 782 nunc
699 717 835 782 Romani
857 717 1013 798 feruntur3
1040 722 1160 785 etenim

34 894 38 903 Ι
133 836 257 898 semper
278 812 376 877 habiti
400 820 473 876 sunt
489 811 666 888 fortissimi,
690 812 745 894 qui
763 835 918 876 summam
935 813 1059 898 imperii
1077 815 1160 900 poti-

37 976 39 981 ,
131 910 267 992 rentur):
286 907 448 973 Eumenes
466 906 678 992 intelligebat
690 907 717 970 si
735 908 843 992 copiae
862 930 936 972 suae
955 922 1159 996 cognossent,

132 1003 283 1066 adversus
298 1023 376 1085 quos
391 1000 585 1078 ducerentur,
605 1023 666 1064 non
681 1001 774 1065 modo
788 1024 852 1065 non
865 1002 972 1079 ituras,
993 1005 1050 1068 sed
1064 1004 1160 1069 simul

99 1118 204 1168 acum
227 1096 335 1159 nuntio
358 1095 543 1180 dilapsuras.
575 1095 680 1179 itaque
702 1095 762 1158 hoc
785 1096 851 1159 eius
869 1095 929 1159 fuit
949 1097 1162 1180 prudentissi-

131 1213 232 1268 mum,
256 1200 291 1254 ut
309 1190 407 1254 deviis
426 1189 588 1254 itineribus
606 1189 720 1253 milites
739 1190 879 1268 duceret,
897 1190 930 1253 in
949 1181 1064 1273 quibus
1083 1214 1162 1258 vera

101 1309 114 1354 o
133 1285 240 1349 audire
258 1307 321 1349 non
334 1293 471 1368 possent,
491 1293 523 1347 et
539 1283 588 1348 his
601 1282 812 1368 persuaderet,
832 1305 866 1347 se
880 1293 989 1348 contra
1001 1286 1161 1368 quosdam

132 1378 282 1443 barbaros
300 1377 465 1462 proficisci.
492 1377 598 1461 itaque
616 1377 714 1440 tenuit
732 1376 792 1441 hoc
808 1378 1003 1462 propositum
1021 1387 1053 1443 et
1069 1379 1162 1464 prius

132 1473 165 1536 in
179 1473 278 1536 aciem
292 1471 462 1535 exercitum
472 1470 580 1534 eduxit
592 1470 807 1555 proeliumque
817 1472 980 1549 commisit,
995 1494 1092 1557 quam
1102 1475 1163 1537 mi-

133 1566 202 1630 lites
218 1565 267 1629 sui
282 1565 403 1642 scirent,
423 1587 495 1629 cum
508 1564 622 1648 quibus
636 1588 723 1629 arma
736 1565 921 1630 conferrent.
945 1565 1050 1631 effecit
1064 1568 1163 1632 etiam

133 1659 210 1723 illud
227 1659 368 1724 locorum
384 1658 678 1744 praeoccupatione,
696 1668 731 1723 ut
750 1660 890 1743 equitatu
906 1660 1009 1744 potius
1029 1661 1163 1726 dimica·

133 1763 193 1829 ret,
216 1774 278 1836 quo
295 1753 367 1838 plus
386 1753 522 1829 valebat,
547 1774 641 1836 quam
658 1753 811 1838 peditatu,
831 1776 893 1838 quo
912 1764 978 1819 erat
995 1755 1160 1820 deteriore.

101 1872 112 1916 1
186 1847 244 1912 IV.
274 1846 417 1930 Quorum
435 1848 585 1912 acerrimo
610 1870 764 1912 concursu
781 1870 854 1912 eum
871 1871 1020 1933 magnam
1037 1859 1163 1933 partem

58 2001 61 2008 .
134 1941 196 2005 diei
210 1950 293 2005 esset
307 1951 532 2027 oppugnatum,
548 1941 632 2005 cadit
641 1939 790 2006 Craterus
804 1942 869 2005 dux
883 1951 914 2006 et
922 1941 1162 2028 Neoptolemus,

136 2035 190 2118 qui
206 2035 385 2099 secundum
406 2035 511 2099 locum
532 2035 655 2120 imperii
673 2034 809 2100 tenebat.
835 2057 908 2099 cum
925 2036 986 2101 hoc
1004 2037 1163 2100 concurrit

102 2151 116 2196 1
135 2129 203 2212 ipse
220 2128 392 2192 Eumenes.
423 2129 477 2213 qui
500 2151 571 2193 cum
593 2129 674 2192 inter
696 2151 730 2192 se
753 2129 909 2214 complexi
931 2130 964 2194 in
985 2138 1102 2194 terram
1121 2153 1163 2194 ex

76 2292 87 2313 f
136 2221 224 2305 equis
243 2222 440 2300 decidissent,
458 2232 494 2286 ut
512 2222 604 2287 facile
616 2222 748 2308 intelligi
764 2233 895 2308 possent
911 2223 1037 2288 inimica
1054 2234 1163 2289 mente

136 2317 334 2381 contendisse
356 2317 523 2401 animoque
545 2317 647 2403 magis
671 2317 765 2382 etiam
790 2339 950 2404 pugnasse
972 2339 1068 2401 quam
1090 2340 1164 2382 cor-

134 2433 219 2496 pore,
239 2433 302 2476 non
318 2411 405 2497 prins
425 2411 564 2477 distracti
582 2421 664 2490 sunt,
683 2433 779 2495 quam
796 2412 929 2477 alterum
945 2410 1048 2476 anima
1064 2410 1164 2475 relin-

136 2515 253 2588 queret.
281 2505 321 2570 ab
340 2507 399 2571 hoe
418 2506 536 2590 aliquot
552 2507 655 2592 plagis
669 2506 830 2571 Eumenes
848 2506 1036 2581 vulneratur,
1054 2526 1163 2589 nequo

103 2619 117 2665 a
136 2621 173 2664 eo
191 2600 292 2685 magis
307 2622 346 2663 ex
362 2601 481 2686 proelio
496 2602 639 2678 excessit,
660 2596 716 2666 sed
729 2601 830 2666 acrius
844 2601 951 2665 hostes
964 2599 1085 2665 institit.
1108 2599 1164 2664 hic

136 2693 293 2778 equitibus
310 2694 494 2780 profligatis,
513 2695 677 2759 interfecto
696 2695 777 2766 duce,
787 2694 925 2770 Cratero,
943 2694 1052 2758 multis
1070 2716 1164 2778 prae-

136 2798 223 2853 terea
236 2799 267 2853 et
279 2788 415 2854 maxime
428 2789 586 2854 nobilibus
602 2790 711 2876 captis,
729 2790 875 2876 pedester
888 2788 1053 2865 exercitus,
1073 2790 1162 2871 quod

135 2882 169 2945 in
190 2905 228 2946 ea
253 2883 323 2947 loca
349 2894 415 2948 erat
442 2884 609 2965 deductus,
637 2894 673 2948 ut
699 2885 795 2948 invito
818 2883 961 2947 Eumene
987 2880 1070 2946 elabi
1096 2906 1163 2947 non

135 2985 252 3062 posset,
270 2999 382 3062 pacem
400 2976 491 3043 abeo
508 2980 595 3063 petit.
624 3002 718 3063 quam
733 3001 805 3043 cum
821 2980 1029 3064 impetrasset,
1047 2977 1081 3041 111
1097 2976 1162 3040 fide

137 3094 200 3136 non
217 3072 332 3136 mansit
350 3082 381 3136 et
399 3094 443 3149 se,
463 3073 556 3136 simul
574 3095 610 3137 ac
628 3074 738 3158 potuit,
758 3074 798 3137 ad
812 3072 1016 3158 Antipatrum
1032 3071 1161 3156 recepit.

102 3165 298 3231 4Eumenes
318 3165 484 3231 Craterum
513 3189 551 3231 ex
575 3167 641 3232 acie
669 3168 855 3233 semitivum
884 3167 1000 3231 elatum
1020 3187 1163 3230 recreare

138 3261 270 3341 studuit3
290 3284 362 3326 cum
379 3261 412 3325 id
428 3284 492 3327 non
509 3271 625 3348 posset,
643 3284 701 3347 pro
719 3262 853 3326 hominis
873 3261 1024 3347 dignitate
1040 3281 1163 3345 proque

136 3356 267 3440 pristina
285 3357 420 3421 amicitia
438 3355 586 3441 (namque
604 3356 657 3421 illo
675 3379 752 3421 usus
776 3365 850 3433 erat,
873 3354 1055 3419 Alexandro
1077 3354 1164 3431 vivo,

137 3448 344 3535 familiariter)
362 3450 467 3537 amplo
485 3450 594 3515 funere
614 3450 724 3514 extulit
742 3472 876 3534 ossaque
894 3450 927 3513 in
940 3442 1164 3513 Macedoniam

138 3543 228 3606 uxori
247 3543 313 3606 eins
333 3567 369 3608 ac
387 3543 493 3609 liberis
511 3545 638 3608 remisit.

106 3660 116 3704 1
189 3635 229 3700 V.
258 3636 350 3700 Haec
367 3639 443 3701 dum
461 3639 545 3725 apud
555 3639 798 3724 Hellespontum
816 3648 977 3725 geruntur,
992 3636 1164 3701 Perdiccas

139 3732 223 3816 apud
244 3730 352 3795 Nilum
378 3731 496 3796 flumen
521 3732 705 3797 interficitur
731 3757 750 3798 a
774 3729 908 3798 Seleuco
935 3741 966 3796 et
988 3730 1164 3817 Antigono,

138 3850 305 3911 rerumque
324 3850 447 3892 summa
465 3828 505 3892 ad
522 3828 726 3915 Antipatrum
743 3828 891 3893 defertur.
918 3824 980 3904 hic,
998 3825 1054 3909 qui
1072 3825 1166 3889 dese-

137 3932 272 4000 ruerant,
292 3921 430 3987 exercitu
448 3922 634 4009 suffragium
651 3922 770 3988 ferente
784 3922 894 4007 capitis
912 3921 1059 3986 absentes
1074 3919 1166 3982 dam-

137 4025 261 4093 nantur,
288 4017 321 4082 in
347 4016 397 4081 his
419 4014 590 4082 Eumenes.
626 4017 686 4081 hac
711 4017 763 4081 illc
786 4016 949 4101 perculsus
975 4013 1072 4100 plaga
1098 4034 1165 4077 non
