2564 4410
457 276 460 281 ·
524 255 716 314 EUMENES.
1091 247 1131 311 61

108 379 194 442 cium
220 375 408 456 admittitur,
438 372 500 437 nisi
525 371 752 437 honesto‘loco
779 380 810 436 et
835 371 897 437 fide
924 382 955 438 et
980 375 1135 440 industria

108 470 248 558 cognita,
272 469 357 552 quod
374 488 504 532 necesse
521 473 571 531 eit
592 466 732 530 omnium
750 466 951 532 consiliorum
973 490 1045 533 eum
1063 491 1134 535 esse

106 565 308 652 participem.
328 562 413 626 hun'c
430 560 534 625 locum
556 561 655 625 tenuit
672 560 826 625 amicitiae
845 561 930 646 apud
951 560 1134 648 Philippum
1153 586 1168 633 6

107 683 207 724 annos
227 668 357 744 septem.
384 655 438 721 illo
455 654 618 719 interfecto
636 655 747 720 eodem
765 655 866 740 gradu
878 655 943 735 ,fuit
960 657 1044 741 apud
1057 655 1135 721 Ale-
1222 687 1225 693 ·

107 750 539 819 xandrumannostredeeim.
566 749 737 814 novissimo
748 759 887 834 tempore
896 750 1031 833 praefuit
1040 751 1135 815 etiam

108 848 224 913 alterae
239 847 377 931 equitum
391 845 468 922 alae,
483 866 564 928 quae
574 843 742 909 Hetaerice
757 843 981 928 appellabatur.
1009 845 1133 929 utrique

106 953 164 1008 aut
165 965 215 1006 em
232 942 265 1005 in
282 940 412 1005 consilio
431 954 555 1024 semper
572 938 697 1003 affuite
699 938 870 1002 tomnium
887 960 991 1002 rerum
1008 937 1096 1003 babit
1084 949 1133 1003 tus
1222 930 1234 984 .'

107 1045 159 1100 est
176 1035 340 1120 particeps.

160 1131 204 1195 Η.
236 1129 421 1198 Alexandro
437 1127 603 1212 Babylone
629 1096 752 1192 mortuo
778 1150 850 1193 cum
876 1151 974 1215 regna
1001 1128 1167 1214 singulisr

107 1224 315 1290 familiaribus
338 1223 613 1309 dispertirenture
596 1231 627 1287 et
650 1232 773 1286 summa
794 1245 898 1287 rerum
920 1223 1033 1287 tradita
1001 1232 1135 1287 tesset

107 1319 224 1384 tuenda
242 1317 357 1395 eidem,
378 1340 428 1381 cu1
418 1315 628 1381 Alexander
645 1316 781 1380 moriens
800 1317 951 1380 annulum
971 1338 1062 1393 suum
1081 1316 1136 1380 de'-

108 1414 206 1491 derat,
225 1411 403 1488 Perdiccae,
423 1434 463 1476 ex
480 1433 543 1494 quo
558 1431 667 1474 omnes
686 1411 891 1519 mniecerant,
911 1433 983 1475 eum
1000 1432 1167 1496 regnum.
1153 1430 1168 1461 ⁶>

107 1530 140 1570 er
128 1461 409 1582 commendasse,
433 1505 553 1595 quoad
559 1499 694 1568 liberi
667 1526 735 1568 erus
756 1504 791 1568 in
809 1528 899 1569 suam
917 1503 1047 1568 tutelam
1063 1525 1135 1588 per-

106 1600 269 1664 venissent
287 1598 409 1680 (aberat
427 1598 510 1661 enim
529 1596 606 1661 Crat
593 1606 679 1661 terus
698 1607 729 1661 et
745 1596 921 1682 Antipater,
940 1598 995 1682 qui
1013 1607 1066 1663 ant
1067 1619 1136 1662 ece-

105 1695 184 1758 dere
209 1693 294 1756 hunc
320 1681 527 1768 videbantur}
547 1700 688 1755 mortuus
715 1700 782 1755 erat
802 1689 1013 1777 Hephaestio,
1040 1712 1136 1776 quem
1187 1762 1190 1770 .

105 1809 209 1852 unum
226 1785 421 1863 Alexander,
445 1785 530 1868 quod
546 1781 703 1848 facile't
656 1807 690 1848 ιιι
691 1784 789 1870 telligi
805 1794 926 1870 posset,
945 1785 1072 1870 plurimi
1089 1786 1136 1849 fe-

106 1904 182 1946 cera
183 1881 223 1963 q:
183 1880 302 1944 thoe
320 1890 459 1964 tempore
477 1880 550 1944 data
568 1888 616 1943 est
604 1877 762 1943 tEumeni
773 1877 1019 1965 Cappadocia
988 1901 1060 1943 'srve
1078 1898 1136 1964 poss

106 1977 172 2039 tius
192 1975 283 2038 diota.
310 1997 385 2038 nam
402 1984 469 2038 tum
485 1974 519 2037 in
540 1974 678 2038 hostium
696 1982 763 2038 erat
783 1983 947 2058 potestate.
975 1974 1058 2038 hunc
1076 1972 1137 2039 sibi
1155 1992 1169 2038 3
1202 2047 1205 2051 ⁴

106 2069 278 2135 Perdiccas
293 2068 477 2133 adiunxerat
489 2069 605 2155 magno
625 2069 738 2146 studio,
757 2071 842 2153 quod
854 2071 887 2134 in
898 2062 1026 2135 homine
1039 2069 1135 2134 fidem

107 2173 142 2228 et
159 2163 343 2226 industriam
361 2186 509 2249 magnam
526 2163 662 2241 videbat,
680 2184 745 2229 non
759 2163 915 2242 dubitans,
935 2165 963 2229 si
981 2187 1053 2229 eum
1069 2164 1137 2250 pel·
1245 2168 1248 2175 '

107 2257 249 2334 lexisset,
268 2280 384 2342 magno
399 2257 470 2322 usui
484 2257 552 2324 fore
562 2257 623 2322 sibi
635 2257 669 2321 in
681 2257 730 2322 his
740 2258 844 2336 rebus,
864 2280 942 2342 quas
954 2257 1134 2344 apparabat.

107 2350 268 2437 cogitabat
285 2352 378 2429 enim,
397 2352 483 2434 quod
499 2351 565 2416 fere
583 2374 691 2416 omnes
709 2353 743 2415 in
759 2353 883 2438 magnis
905 2353 1044 2437 imperiis
1057 2374 1136 2416 con·

96 2445 286 2530 ,cupiscunt
306 2446 446 2510 omnium
463 2454 567 2530 partes
586 2446 741 2530 corripere
764 2455 858 2529 atque
876 2445 1049 2531 complecti.
1081 2467 1136 2508 ne·
1155 2463 1170 2507 4

108 2544 178 2624 que'
191 2562 266 2604 vero
280 2540 341 2604 hoc
357 2539 409 2603 ille
421 2540 506 2604 solus
524 2539 609 2617 fecit,
629 2539 686 2604 sed
703 2539 798 2603 ceteri
810 2561 934 2623 quoque
949 2561 1067 2617 omnes,
1082 2539 1137 2623 qui

108 2633 285 2700 Alexandri
302 2633 425 2698 fuerant
444 2634 550 2698 amici..
576 2633 695 2718 primus
713 2634 898 2698 Leonnatus
916 2629 1137 2698 Macedoniam

107 2723 346 2813 praeoccupare
356 2727 607 2812 praedestinavit.
639 2727 667 2791 is
685 2722 798 2792 multis
814 2727 1000 2812 magnisque
1017 2725 1137 2811 pollici·
1200 2800 1204 2807 ¹

108 2821 280 2886 tationibus
297 2822 486 2907 persuadere
498 2820 637 2886 Eumeni
654 2821 782 2898 studuit,
802 2830 836 2885 ut
844 2820 1028 2885 Perdiccam
1043 2820 1137 2884 ‘dese-

107 2925 193 2980 reret
218 2937 255 2981 ac
282 2938 390 2980 secum
411 2916 528 2980 faceret
550 2916 740 2980 societatem.
778 2936 850 2978 cum
871 2915 1041 3000 perducere
1064 2935 1169 2981 eume

107 3032 176 3075 non
204 3018 325 3094 posset,
353 3009 525 3074 interficere
548 3018 677 3074 conatus
701 3018 762 3088 eat3
789 3017 821 3093 et
838 3008 979 3087 fecisset,
1006 3009 1068 3074 nisi
1084 3008 1136 3073 ille

109 3104 193 3170 clam
209 3114 305 3168 noctu
323 3126 363 3168 ex
380 3104 543 3188 praesidiis
562 3105 628 3168 eius
647 3102 820 3189 effugisset.

162 3196 225 3261 III.
252 3196 383 3262 Interim
401 3198 534 3262 conflata
552 3208 625 3263 sunt
641 3197 696 3261 illa
713 3196 804 3274 bella,
823 3218 904 3281 quae
923 3197 963 3261 ad
980 3195 1137 3261 internici·
1157 3217 1168 3262 1

110 3296 204 3356 onem
221 3302 294 3376 post
310 3288 486 3356 Alexandri
507 3302 640 3357 mortem
656 3301 748 3378 gesta
766 3301 847 3367 sunt,
873 3313 1044 3374 omnesque
1063 3312 1137 3355 oon-

110 3396 275 3450 currerunt
283 3386 324 3449 ad
332 3385 516 3451 Perdiccam
526 3386 774 3472 opprimendum.
802 3384 967 3468 quemetsi
979 3384 1136 3449 infirmum

110 3478 254 3556 videbat,
277 3480 361 3563 quod
383 3503 464 3545 unus
488 3480 632 3545 omnibus
654 3480 800 3544 resistere
823 3477 1007 3566 cogebatur,
1031 3489 1136 3543 tamen

110 3572 249 3636 amicum
270 3596 334 3638 non
351 3574 489 3638 deseruit
509 3596 611 3658 neque
630 3574 739 3638 salutis
758 3595 853 3657 quam
875 3572 950 3642 fidei
970 3571 1031 3637 fuit
1049 3573 1135 3658 eupi-

110 3667 189 3731 dior.
215 3667 408 3751 praefecerat
424 3667 509 3732 hunc
516 3667 685 3733 Perdiccas
703 3669 733 3732 ei
749 3667 831 3753 parti
838 3666 948 3745 Asiae,
967 3667 1169 3752 quaeintera

110 3761 255 3826 Taurum
272 3771 409 3827 montem
422 3762 551 3827 iacetat
520 3772 613 3845 que
622 3762 874 3847 Hellespontum,
893 3771 924 3827 et
937 3761 1025 3826 illum
1037 3782 1136 3834 unum

109 3865 301 3951 opposuerat
318 3855 493 3942 Europaeis
516 3856 718 3934 adversariis3
744 3856 812 3941 ipse
829 3855 1015 3942 Aegyptum
1037 3874 1138 3937 oppu-.

110 3958 242 4036 gnatum
268 3945 420 4016 adversus
437 3950 655 4016 Ptolemaeum
678 3959 743 4015 erat
768 3951 951 4036 profectus.
973 3947 1134 4012 Eumenes
1154 3965 1169 4012 3

111 4066 184 4109 cum
201 4067 303 4130 neque
321 4068 453 4133 magnas
471 4045 577 4133 copias
596 4066 697 4130 neque
715 4044 821 4111 firmas
840 4043 981 4120 haberet,
994 4034 1093 4127 quod
1105 4051 1142 4103 et
