2564 4410
158 226 202 290 46
289 300 294 305 ,
389 270 392 275 .
493 230 678 287 coarsnn
691 232 852 290 usrorrs

76 370 82 389 ·
160 375 246 417 mam
271 351 416 415 militum.
452 345 566 429 quibus
593 346 693 411 fretus
716 347 855 411 conflixit
876 348 1195 435 adversariorumque

160 444 364 511 multamilia
382 440 530 516 concidit,
549 461 622 503 cum
640 441 679 504 de
696 440 796 526 ipsius
815 443 954 507 exercitu
967 450 1034 509 non
1052 447 1193 531 amplius

159 540 323 605 hominum
340 535 424 599 mille
447 534 620 598 cecidisset.
652 556 747 617 quarn
764 535 805 601 cb
824 558 971 601 caussam
991 550 1120 623 postero
1138 542 1194 607 die

126 651 143 696 4
160 642 323 719 tropaeum
336 629 450 715 posuit,
469 649 532 711 quo
550 627 618 693 loco
631 629 732 713 pridie
745 639 921 715 pugnaturn
934 641 1009 697 erat.
1027 633 1102 699 hinc
1115 657 1193 703 cum

163 735 266 793 castra
282 724 432 789 movisset
451 743 636 807 semperque
652 722 781 787 inferior
798 720 910 809 copiis,
930 727 1072 811 superior
1088 729 1194 795 omni-

159 822 220 887 bus
234 818 361 904 proeliis
375 817 557 892 (decederet,
577 816 663 898 quod
676 838 847 899 numquam
861 840 990 883 manum
999 833 1191 900 consereret,

159 914 221 979 nisi
243 935 315 978 cum
338 909 533 975 adversarios
555 909 696 973 locorum
719 910 873 995 angustiis
896 912 1075 992 clausisset,
1102 918 1192 999 quod

127 1034 142 1079 5
160 1008 260 1095 perito
277 1004 442 1091 regionum
456 1002 628 1085 callideque
643 1003 793 1089 cogitanti
811 1027 905 1089 saepe
923 1005 1099 1073 accidebat:
1117 1008 1192 1075 Au-

159 1101 370 1187 tophradates,
386 1120 457 1163 cum
466 1097 583 1160 bellum
592 1097 665 1161 duci
679 1097 795 1162 maiore
808 1100 892 1184 regis
907 1100 1082 1167 calamitate
1091 1124 1192 1186 quam

160 1194 410 1261 adversariorum
427 1193 557 1268 videret,
578 1189 648 1277 [ad]
666 1214 779 1278 pacem
796 1193 1027 1277 amicitiamque
1043 1195 1191 1263 hortatus
1263 1254 1266 1259 .

126 1312 141 1357 o
160 1299 221 1368 est,
245 1299 280 1353 ut
298 1311 371 1353 cum
388 1308 463 1372 rege
480 1286 514 1349 in
530 1285 663 1370 gratiam
681 1286 803 1350 rediret.
831 1308 926 1370 quam
943 1288 995 1352 ille
1013 1289 1073 1354 etsi
1089 1289 1192 1357 fidam

158 1406 223 1449 non
239 1383 307 1446 sore
324 1379 464 1466 putabat,
484 1388 588 1443 tamen
602 1379 812 1443 conditionem
826 1382 946 1465 accepit
964 1404 1061 1466 seque
1074 1383 1192 1465 addr-

160 1487 320 1540 taxerxem
342 1474 464 1560 legatos
485 1472 656 1536 missurum
679 1473 767 1537 dixit.
800 1474 845 1537 sio
867 1474 998 1553 bellum,
1022 1478 1109 1561 quod
1130 1500 1191 1545 rex

35 1614 38 1621 -
159 1571 311 1634 adversus
319 1567 479 1632 Datamen
493 1576 681 1651 susceperat,
701 1567 844 1633 sedatum
854 1576 911 1633 est.
928 1568 1192 1656 Autophradates
1256 1618 1261 1625 -

119 1719 122 1725 .
158 1664 192 1727 in
208 1662 382 1748 Phrygiam
401 1683 435 1725 se
453 1661 578 1752 recepit.

127 1781 140 1826 1
210 1756 274 1821 IX.
302 1755 349 1821 At
365 1778 431 1845 rex,
451 1757 536 1838 quod
552 1754 749 1840 implacabile
768 1756 875 1820 odium
891 1757 925 1820 in
938 1757 1100 1823 Datamen
1117 1780 1192 1827 sus·

159 1861 297 1936 ceperat,
319 1858 489 1935 postquam
505 1849 588 1913 bello
607 1871 679 1913 eum
697 1850 832 1934 opprimi
848 1868 912 1915 non
933 1873 1029 1936 posse
1045 1852 1192 1917 animad-
1253 1848 1256 1853 ’

158 1947 260 2023 vertit,
274 1945 395 2009 insidiis
404 1943 578 2007 interficere
588 1944 707 2009 studuit
712 1970 721 2022 ;
740 1966 819 2027 quas
828 1943 880 2008 ille
889 1944 1056 2028 plerasque
1065 1945 1189 2011 vitavit.

125 2062 140 2107 2
161 2040 241 2104 sicut
259 2060 332 2102 cum
349 2037 378 2101 ei
395 2037 573 2101 nuntiatum
590 2047 683 2115 esset,
703 2038 857 2121 quosdam
876 2038 936 2102 sibi
953 2039 1108 2116 insidiari,
1132 2042 1191 2124 qui
1213 2038 1216 2043 ’
1254 2080 1260 2097 -.

158 2132 192 2195 in
209 2132 380 2195 amicorum
398 2139 486 2194 erant
502 2152 641 2208 numero,
661 2132 700 2195 de
718 2131 843 2214 quibus,
862 2132 947 2214 quod
963 2131 1082 2197 inimici
1095 2133 1190 2198 detu-

159 2223 272 2300 lerunt,
290 2246 392 2307 neque
411 2224 601 2288 credendum
618 2247 720 2309 neque
737 2225 963 2311 negligendum
979 2226 1112 2310 putavit,
1131 2248 1192 2291 ex·

124 2344 140 2389 3
157 2320 252 2406 periri
273 2320 386 2397 voluit,
410 2342 519 2384 verum
541 2318 699 2385 falsumne
722 2319 782 2384 sibi
800 2328 883 2384 esset
904 2320 1047 2384 relatum.
1078 2320 1189 2404 itaque

159 2437 196 2480 eo
214 2414 374 2500 profectus
394 2422 455 2491 est,
478 2413 512 2477 in
529 2435 592 2497 quo
609 2413 720 2479 itinere
742 2413 864 2478 futuras
882 2413 1012 2481 insidias
1030 2412 1189 2480 dixerant.

159 2508 215 2573 sed
233 2509 329 2594 elegit
351 2530 480 2593 corpore
504 2530 541 2572 ac
559 2517 677 2572 statura
695 2508 888 2573 simillimum
910 2507 960 2572 sui
981 2508 1073 2591 eique
1089 2509 1191 2573 vesti-

159 2611 336 2667 tum-suum
358 2603 444 2666 dedit
465 2611 559 2684 atque
581 2624 619 2666 eo
636 2602 705 2666 loco
723 2602 783 2679 ire,
802 2623 865 2684 quo
882 2603 950 2687 ipse
968 2612 1188 2681 consueverat,
1205 2646 1210 2653 -

157 2696 258 2762 iussit.
285 2696 353 2781 ipse
371 2704 476 2760 autem
490 2704 601 2759 ornatu
616 2695 791 2778 vestituque
805 2696 934 2760 militari·
947 2697 1028 2761 inter
1045 2697 1188 2781 corporis

123 2812 139 2857 4
158 2791 304 2856 custodes
326 2790 385 2855 iter
406 2790 510 2854 facere
533 2790 645 2874 coepit.
677 2799 709 2854 at
729 2790 941 2867 insidiatores,
964 2799 1136 2875 postquam
1151 2791 1189 2857 in

158 2907 231 2949 eum
252 2885 357 2949 locum
380 2908 495 2971 agmen
512 2885 679 2969 pervenit,¹
692 2885 814 2970 decepti
832 2885 939 2949 ordine
957 2898 1051 2968 atque
1068 2887 1189 2951 vestitu

156 2979 309 3063 impetum
325 2978 359 3041 in
373 3001 445 3042 eum
463 2978 592 3055 faciunt,
612 2979 666 3062 qui
685 2979 866 3064 suppositus
885 2988 959 3050 erat,
986 2978 1188 3064 praedixerat

157 3082 262 3137 autem
284 3071 323 3137 iis
345 3070 515 3149 Datames,
543 3094 615 3135 cum
638 3072 752 3155 quibus
774 3071 833 3136 iter
850 3070 1000 3149 faciebat,
1027 3081 1063 3136 ut
1083 3073 1188 3158 parati

122 3188 137 3235 5
157 3175 262 3232 essent
275 3166 388 3243 facere,
408 3167 493 3248 quod
510 3165 615 3250 ipsum
628 3166 790 3230 vidissent
818 3166 896 3251 ipse,
914 3176 950 3230 ut
964 3175 1188 3232 concurrentes

149 3261 355 3326 'insidiatores
378 3260 611 3336 animadvertit,
635 3260 697 3324 tela
719 3261 825 3324 ineos
844 3260 985 3324 coniecit.
1001 3292 1003 3297 ·
1017 3259 1079 3347 hoc
1093 3259 1189 3326 idem

156 3376 228 3418 cum
257 3355 396 3420 universi
421 3354 580 3431 fecissent
559 3354 791 3439 tpriusquam
816 3354 1016 3438 pervenirent
1003 3354 1079 3417 tad
1101 3375 1188 3433 eum,

79 3450 83 3458 '
156 3469 311 3531 querna
290 3448 400 3533 egredi
417 3446 574 3523 volebant,
594 3446 709 3511 confixi
727 3447 937 3511 conciderunt

124 3564 136 3609 1
206 3539 252 3604 X.
280 3540 345 3605 Hic
358 3551 464 3606 tamen
477 3551 541 3605 tam
555 3540 734 3604 callidus'
705 3563 752 3604 vrr
765 3549 931 3605 extremot
932 3563 1058 3650 empore
1073 3523 1188 3625 captus

156 3644 204 3700 est
191 3633 274 3698 tMit
274 3633 386 3698 hridat’
365 3645 414 3711 t,rs
432 3632 657 3699 Ariobarzanis
675 3633 740 3711 filii,
759 3634 862 3700 dolo
869 3656 1005 3717 namque
1018 3634 1045 3699 is
1064 3634 1189 3743 pollici-

155 3738 206 3792 tus
225 3737 273 3792 est
290 3727 372 3814 regi,
397 3749 431 3792 se
450 3751 523 3792 eum
540 3729 586 3792 int
574 3728 684 3792 ttcrfec
672 3738 790 3804 turum,
814 3728 842 3793 si
859 3728 888 3791 ei
904 3750 962 3792 rex
978 3728 1185 3812 permitteret,

154 3832 199 3899 ut,
217 3822 438 3907 quodcumque
456 3821 559 3899 vellet,
577 3822 685 3909 liceret
701 3821 829 3907 impune
847 3820 956 3885 facere·
968 3821 1126 3905 fidemque
1144 3821 1186 3886 dc
1210 3818 1214 3825 ’

122 3936 136 3948 ’
157 3938 194 3981 “a
209 3939 243 3981 rc
261 3938 348 3982 more
365 3916 535 3981 Persarum
552 3916 681 3982 dextera
698 3917 847 3999 derlisset
873 3915 955 3980 hanc
973 3924 1008 3981 ut
1024 3915 1188 4000 accepite

218 4011 392 4091 emissam,
416 4012 522 4098 copias
544 4020 634 4098 parat
652 4022 684 4078 et
700 4010 816 4077 absens
838 4010 1008 4077 amicitiam
1025 4032 1099 4077 cum
1114 4008 1188 4076 Da·
