2564 4410
200 232 242 297 96
493 256 495 261 ’
528 240 711 300 CORNELII
723 242 886 300 NEPOTIS
988 255 990 258 ’

199 370 285 426 retur
301 358 446 446 migrare,
465 380 538 425 cum
552 358 678 447 quidem
686 356 830 444 Agrippa
845 381 916 424 eum
930 359 1008 424 flens
1022 370 1116 444 atque
1129 381 1222 425 oscu-

168 455 269 523 slans
288 463 390 520 oraret
406 463 500 537 atque
518 453 703 531 obsecraret,
722 475 762 517 ne
780 451 878 530 adid,
897 454 982 539 quod
998 466 1110 519 natura
1127 477 1222 542 coge-

200 557 257 627 ret,
274 548 343 633 ipse
360 569 484 632 quoque
502 547 563 612 sibi
580 546 779 624 acceleraret,
797 555 829 613 et
846 549 993 631 quoniam
1009 559 1077 613 tum
1094 571 1222 634 quoque

200 651 308 728 posset
328 640 519 728 temporibus
542 662 720 726 superesse,
748 663 782 706 se
805 640 866 706 sibi
888 642 1015 727 suisque
1036 654 1220 720 reservaret,
1271 652 1273 656 ‘

166 757 182 804 3
200 756 309 820 preces
327 734 394 800 eius
413 734 566 800 taciturna
583 757 641 800 sua
658 734 866 800 obstinatione
884 735 1046 821 depressit.
1079 737 1125 802 sic
1147 758 1220 801 oum
1238 772 1242 774 ἡ

201 827 332 894 biduum
349 829 420 895 cibo
438 851 472 894 se
490 828 701 906 abstinuisset,
721 826 823 894 subito
840 827 937 894 febris
955 829 1091 895 decessit
1108 829 1222 895 levior-

201 945 262 1007 que
283 923 411 991 morbus
434 946 504 991 esse
522 925 633 1009 coepit
664 933 770 988 tamen
790 925 984 1010 propositum
1001 924 1099 991 nihilo
1118 925 1221 990 secius

200 1018 330 1104 peregit.
356 1018 461 1102 itaque
475 1018 526 1083 die
539 1018 648 1103 quinto
664 1026 746 1104 post,
764 1039 860 1101 qnam
872 1017 909 1082 id
919 1018 1083 1083 consilium
1099 1019 1220 1096 inierat,

16 1072 20 1079 ¹
98 1149 102 1160 ι
201 1111 300 1195 pridie
316 1110 473 1177 Calendas
487 1110 615 1198 Apriles
635 1110 694 1177 Cn.
704 1110 857 1190 Domitio,
877 1110 915 1178 O.
927 1108 1021 1177 Sosio
1039 1111 1221 1177 consulibus

146 1197 346 1269 ¹adecessit.
380 1204 480 1271 elatus
507 1215 555 1270 est
579 1206 613 1270 in
638 1205 794 1283 lecticula,
822 1213 857 1269 ut
879 1205 948 1291 ipse
969 1206 1221 1291 praescripserat,

201 1299 269 1364 sine
286 1299 351 1365 ulla
366 1322 482 1386 pompa
494 1299 623 1377 funeris,
643 1299 862 1366 comitantibus
876 1300 1021 1366 omnibus
1035 1301 1135 1378 bonis,
1155 1324 1223 1366 ma·

200 1393 286 1457 xima
298 1393 386 1480 vulgi
403 1393 587 1478 frequentia.
615 1394 754 1480 sepultus
769 1404 817 1461 est
833 1394 922 1459 iuxta
934 1393 1167 1479 viamAppiam
1181 1394 1224 1459 ad

199 1486 343 1569 quintum
361 1487 496 1572 lapidem
513 1487 546 1552 in
563 1497 763 1554 monumento
783 1486 822 1571 Q.
839 1486 977 1566 Caecilii,
996 1487 1141 1553 avimculi
1160 1488 1222 1552 sui.
