<?xml version="1.0" encoding="UTF-8"?>
<!DOCTYPE html PUBLIC "-//W3C//DTD XHTML 1.0 Transitional//EN"
    "http://www.w3.org/TR/xhtml1/DTD/xhtml1-transitional.dtd">
<html xmlns="http://www.w3.org/1999/xhtml" xml:lang="en" lang="en">
 <head>
  <title>
</title>
<meta http-equiv="Content-Type" content="text/html;charset=utf-8" />
  <meta name='ocr-system' content='tesseract 3.04.00' />
  <meta name='ocr-capabilities' content='ocr_page ocr_carea ocr_par ocr_line ocrx_word'/>
</head>
<body>
  <div class='ocr_page' id='page_1' title='image "./corneliinepotis00kochgoog_0057.png"; bbox 0 0 2564 4410; ppageno 0'>
   <div class='ocr_carea' id='block_1_1' title="bbox 189 245 883 310">
    <p class='ocr_par' dir='ltr' id='par_1_1' title="bbox 189 245 883 310">
     <span class='ocr_line' id='line_1_1' title="bbox 189 245 883 310; baseline -0.004 0"><span class='ocrx_word' id='word_1_1' title='bbox 189 245 231 310; x_wconf 79' lang='lat' dir='ltr'><strong>3ss</strong></span> <span class='ocrx_word' id='word_1_2' title='bbox 524 252 710 310; x_wconf 76' lang='lat' dir='ltr'><strong>OORNELH</strong></span> <span class='ocrx_word' id='word_1_3' title='bbox 723 252 883 309; x_wconf 85' lang='lat' dir='ltr'>NEPOTIS</span> 
     </span>
    </p>
   </div>
   <div class='ocr_carea' id='block_1_2' title="bbox 95 368 1244 2406">
    <p class='ocr_par' dir='ltr' id='par_1_2' title="bbox 150 368 1224 642">
     <span class='ocr_line' id='line_1_2' title="bbox 150 368 1223 456; baseline 0 -22"><span class='ocrx_word' id='word_1_4' title='bbox 150 399 170 444; x_wconf 81' lang='lat' dir='ltr'><strong>:a</strong></span> <span class='ocrx_word' id='word_1_5' title='bbox 189 383 223 439; x_wconf 89' lang='lat' dir='ltr'><strong>ut</strong></span> <span class='ocrx_word' id='word_1_6' title='bbox 240 372 381 439; x_wconf 83' lang='lat' dir='ltr'><strong>exaudiri</strong></span> <span class='ocrx_word' id='word_1_7' title='bbox 397 371 499 456; x_wconf 79' lang='lat' dir='ltr'><strong>possit</strong></span> <span class='ocrx_word' id='word_1_8' title='bbox 515 368 602 434; x_wconf 86' lang='lat' dir='ltr'><strong>foris.</strong></span> <span class='ocrx_word' id='word_1_9' title='bbox 628 369 694 447; x_wconf 89' lang='lat' dir='ltr'><strong>hic,</strong></span> <span class='ocrx_word' id='word_1_10' title='bbox 719 369 799 433; x_wconf 89' lang='lat' dir='ltr'><strong>sicut</strong></span> <span class='ocrx_word' id='word_1_11' title='bbox 816 380 888 434; x_wconf 91' lang='lat' dir='ltr'><strong>ante</strong></span> <span class='ocrx_word' id='word_1_12' title='bbox 910 370 1143 455; x_wconf 88' lang='lat' dir='ltr'><strong>saepedictum</strong></span> <span class='ocrx_word' id='word_1_13' title='bbox 1162 379 1223 449; x_wconf 86' lang='lat' dir='ltr'><strong>est,</strong></span> 
     </span>
     <span class='ocr_line' id='line_1_3' title="bbox 189 463 1224 553; baseline -0.003 -21"><span class='ocrx_word' id='word_1_14' title='bbox 189 492 285 553; x_wconf 89' lang='lat' dir='ltr'><strong>quam</strong></span> <span class='ocrx_word' id='word_1_15' title='bbox 301 467 404 530; x_wconf 88' lang='lat' dir='ltr'><strong>invisa</strong></span> <span class='ocrx_word' id='word_1_16' title='bbox 422 465 463 529; x_wconf 88' lang='lat' dir='ltr'><strong>sit</strong></span> <span class='ocrx_word' id='word_1_17' title='bbox 479 463 647 550; x_wconf 83' lang='lat' dir='ltr'><strong>singularis</strong></span> <span class='ocrx_word' id='word_1_18' title='bbox 664 463 805 548; x_wconf 90' lang='lat' dir='ltr'><strong>potentia</strong></span> <span class='ocrx_word' id='word_1_19' title='bbox 822 472 854 528; x_wconf 89' lang='lat' dir='ltr'><strong>et</strong></span> <span class='ocrx_word' id='word_1_20' title='bbox 869 463 1048 528; x_wconf 89' lang='lat' dir='ltr'><strong>miseranda</strong></span> <span class='ocrx_word' id='word_1_21' title='bbox 1065 465 1147 543; x_wconf 84' lang='lat' dir='ltr'><strong>vita,</strong></span> <span class='ocrx_word' id='word_1_22' title='bbox 1166 466 1224 549; x_wconf 94' lang='lat' dir='ltr'><strong>qui</strong></span> 
     </span>
     <span class='ocr_line' id='line_1_4' title="bbox 190 556 1223 642; baseline -0.003 -15"><span class='ocrx_word' id='word_1_23' title='bbox 190 585 225 627; x_wconf 92' lang='lat' dir='ltr'><strong>se</strong></span> <span class='ocrx_word' id='word_1_24' title='bbox 242 561 339 625; x_wconf 90' lang='lat' dir='ltr'><strong>metui</strong></span> <span class='ocrx_word' id='word_1_25' title='bbox 357 581 451 642; x_wconf 88' lang='lat' dir='ltr'><strong>quam</strong></span> <span class='ocrx_word' id='word_1_26' title='bbox 469 557 568 623; x_wconf 87' lang='lat' dir='ltr'><strong>amari</strong></span> <span class='ocrx_word' id='word_1_27' title='bbox 584 557 720 634; x_wconf 90' lang='lat' dir='ltr'><strong>malunt,</strong></span> <span class='ocrx_word' id='word_1_28' title='bbox 744 557 842 621; x_wconf 83' lang='lat' dir='ltr'><strong>cuivis</strong></span> <span class='ocrx_word' id='word_1_29' title='bbox 861 556 956 627; x_wconf 85' lang='lat' dir='ltr'><strong>facile</strong></span> <span class='ocrx_word' id='word_1_30' title='bbox 970 557 1131 623; x_wconf 88' lang='lat' dir='ltr'><strong>intellectu</strong></span> <span class='ocrx_word' id='word_1_31' title='bbox 1149 558 1223 624; x_wconf 83' lang='lat' dir='ltr'><strong>fuit.</strong></span> 
     </span>
    </p>

    <p class='ocr_par' dir='ltr' id='par_1_3' title="bbox 95 650 1244 1110">
     <span class='ocr_line' id='line_1_5' title="bbox 95 650 1222 739; baseline -0.005 -16"><span class='ocrx_word' id='word_1_32' title='bbox 95 670 97 675; x_wconf 77' lang='grc'>’</span> <span class='ocrx_word' id='word_1_33' title='bbox 156 676 324 738; x_wconf 81' lang='lat' dir='ltr'><strong>suamque</strong></span> <span class='ocrx_word' id='word_1_34' title='bbox 346 653 391 717; x_wconf 94' lang='lat' dir='ltr'><strong>illi</strong></span> <span class='ocrx_word' id='word_1_35' title='bbox 412 653 474 739; x_wconf 92' lang='lat' dir='ltr'><strong>ipsi</strong></span> <span class='ocrx_word' id='word_1_36' title='bbox 500 652 661 728; x_wconf 80' lang='lat' dir='ltr'>custodes,</span> <span class='ocrx_word' id='word_1_37' title='bbox 689 651 716 715; x_wconf 93' lang='lat' dir='ltr'><strong>si</strong></span> <span class='ocrx_word' id='word_1_38' title='bbox 737 651 863 736; x_wconf 88' lang='lat' dir='ltr'><strong>propria</strong></span> <span class='ocrx_word' id='word_1_39' title='bbox 887 650 1022 735; x_wconf 83' lang='lat' dir='ltr'><strong>fuissent</strong></span> <span class='ocrx_word' id='word_1_40' title='bbox 1047 650 1222 731; x_wconf 80' lang='lat' dir='ltr'><strong>voluntate,</strong></span> 
     </span>
     <span class='ocr_line' id='line_1_6' title="bbox 190 744 1244 828; baseline -0.003 -14"><span class='ocrx_word' id='word_1_41' title='bbox 190 748 310 814; x_wconf 84' lang='lat' dir='ltr'><strong>foribus</strong></span> <span class='ocrx_word' id='word_1_42' title='bbox 329 746 464 812; x_wconf 87' lang='lat' dir='ltr'><strong>effractis</strong></span> <span class='ocrx_word' id='word_1_43' title='bbox 480 767 604 810; x_wconf 83' lang='lat' dir='ltr'><strong>servare</strong></span> <span class='ocrx_word' id='word_1_44' title='bbox 619 766 691 808; x_wconf 89' lang='lat' dir='ltr'><strong>eum</strong></span> <span class='ocrx_word' id='word_1_45' title='bbox 704 744 889 828; x_wconf 88' lang='lat' dir='ltr'><strong>potuissent,</strong></span> <span class='ocrx_word' id='word_1_46' title='bbox 907 746 994 827; x_wconf 94' lang='lat' dir='ltr'><strong>quod</strong></span> <span class='ocrx_word' id='word_1_47' title='bbox 1009 745 1055 809; x_wconf 93' lang='lat' dir='ltr'><strong>illi</strong></span> <span class='ocrx_word' id='word_1_48' title='bbox 1071 744 1222 824; x_wconf 91' lang='lat' dir='ltr'><strong>inermes,</strong></span> <span class='ocrx_word' id='word_1_49' title='bbox 1241 792 1244 797; x_wconf 86' lang='lat'><em>-</em></span> 
     </span>
     <span class='ocr_line' id='line_1_7' title="bbox 190 838 1224 925; baseline -0.002 -18"><span class='ocrx_word' id='word_1_50' title='bbox 190 843 287 908; x_wconf 88' lang='lat' dir='ltr'><strong>telum</strong></span> <span class='ocrx_word' id='word_1_51' title='bbox 304 841 381 907; x_wconf 88' lang='lat' dir='ltr'><strong>foris</strong></span> <span class='ocrx_word' id='word_1_52' title='bbox 403 839 594 925; x_wconf 87' lang='lat' dir='ltr'><strong>flagitantes,</strong></span> <span class='ocrx_word' id='word_1_53' title='bbox 618 838 726 901; x_wconf 86' lang='lat' dir='ltr'><strong>vivum</strong></span> <span class='ocrx_word' id='word_1_54' title='bbox 744 838 900 902; x_wconf 88' lang='lat' dir='ltr'><strong>tenebant.</strong></span> <span class='ocrx_word' id='word_1_55' title='bbox 928 839 979 903; x_wconf 93' lang='lat' dir='ltr'><strong>cui</strong></span> <span class='ocrx_word' id='word_1_56' title='bbox 1001 861 1074 903; x_wconf 90' lang='lat' dir='ltr'><strong>cum</strong></span> <span class='ocrx_word' id='word_1_57' title='bbox 1092 860 1224 905; x_wconf 86' lang='lat' dir='ltr'><strong>succur-</strong></span> 
     </span>
     <span class='ocr_line' id='line_1_8' title="bbox 190 928 1224 1020; baseline -0.004 -18"><span class='ocrx_word' id='word_1_58' title='bbox 190 945 270 1002; x_wconf 84' lang='lat' dir='ltr'><strong>reret</strong></span> <span class='ocrx_word' id='word_1_59' title='bbox 288 956 394 1010; x_wconf 91' lang='lat' dir='ltr'><strong>nemo,</strong></span> <span class='ocrx_word' id='word_1_60' title='bbox 413 934 505 1017; x_wconf 88' lang='lat' dir='ltr'><strong>Lyco</strong></span> <span class='ocrx_word' id='word_1_61' title='bbox 523 932 651 1015; x_wconf 89' lang='lat' dir='ltr'><strong>quidam</strong></span> <span class='ocrx_word' id='word_1_62' title='bbox 670 928 889 1016; x_wconf 84' lang='lat' dir='ltr'><strong>Syracusanus</strong></span> <span class='ocrx_word' id='word_1_63' title='bbox 907 953 964 1017; x_wconf 89' lang='lat' dir='ltr'><strong>per</strong></span> <span class='ocrx_word' id='word_1_64' title='bbox 980 930 1135 998; x_wconf 76' lang='lat' dir='ltr'><strong>fenestras</strong></span> <span class='ocrx_word' id='word_1_65' title='bbox 1154 932 1224 1020; x_wconf 82' lang='lat' dir='ltr'><strong>gla-</strong></span> 
     </span>
     <span class='ocr_line' id='line_1_9' title="bbox 191 1025 858 1110; baseline -0.007 -15"><span class='ocrx_word' id='word_1_66' title='bbox 191 1031 278 1095; x_wconf 90' lang='lat' dir='ltr'><strong>dium</strong></span> <span class='ocrx_word' id='word_1_67' title='bbox 296 1029 395 1104; x_wconf 86' lang='lat' dir='ltr'><strong>dedit,</strong></span> <span class='ocrx_word' id='word_1_68' title='bbox 414 1049 477 1110; x_wconf 95' lang='lat' dir='ltr'><strong>quo</strong></span> <span class='ocrx_word' id='word_1_69' title='bbox 494 1025 582 1090; x_wconf 93' lang='lat' dir='ltr'><strong>Dion</strong></span> <span class='ocrx_word' id='word_1_70' title='bbox 599 1025 782 1090; x_wconf 86' lang='lat' dir='ltr'><strong>interfectus</strong></span> <span class='ocrx_word' id='word_1_71' title='bbox 801 1035 858 1090; x_wconf 88' lang='lat' dir='ltr'><strong>est.</strong></span> 
     </span>
    </p>

    <p class='ocr_par' dir='ltr' id='par_1_4' title="bbox 159 1120 1224 1488">
     <span class='ocr_line' id='line_1_10' title="bbox 159 1120 1224 1207; baseline -0.005 -15"><span class='ocrx_word' id='word_1_72' title='bbox 159 1148 171 1192; x_wconf 91' lang='lat'>1</span> <span class='ocrx_word' id='word_1_73' title='bbox 243 1124 289 1188; x_wconf 94' lang='lat' dir='ltr'><strong>X.</strong></span> <span class='ocrx_word' id='word_1_74' title='bbox 319 1121 473 1189; x_wconf 85' lang='lat' dir='ltr'><strong>Confecta</strong></span> <span class='ocrx_word' id='word_1_75' title='bbox 496 1121 592 1185; x_wconf 87' lang='lat' dir='ltr'><strong>caede</strong></span> <span class='ocrx_word' id='word_1_76' title='bbox 618 1143 691 1184; x_wconf 92' lang='lat' dir='ltr'><strong>cum</strong></span> <span class='ocrx_word' id='word_1_77' title='bbox 717 1121 884 1185; x_wconf 91' lang='lat' dir='ltr'><strong>multitudo</strong></span> <span class='ocrx_word' id='word_1_78' title='bbox 906 1120 1029 1186; x_wconf 87' lang='lat' dir='ltr'><strong>visendi</strong></span> <span class='ocrx_word' id='word_1_79' title='bbox 1050 1120 1155 1207; x_wconf 87' lang='lat' dir='ltr'><strong>gratia</strong></span> <span class='ocrx_word' id='word_1_80' title='bbox 1175 1120 1224 1187; x_wconf 89' lang='lat' dir='ltr'><strong>in-</strong></span> 
     </span>
     <span class='ocr_line' id='line_1_11' title="bbox 191 1214 1224 1298; baseline -0.003 -16"><span class='ocrx_word' id='word_1_81' title='bbox 191 1219 330 1295; x_wconf 87' lang='lat' dir='ltr'><strong>troisset,</strong></span> <span class='ocrx_word' id='word_1_82' title='bbox 353 1215 496 1282; x_wconf 88' lang='lat' dir='ltr'>nonnulli</span> <span class='ocrx_word' id='word_1_83' title='bbox 517 1214 557 1279; x_wconf 92' lang='lat' dir='ltr'><strong>ab</strong></span> <span class='ocrx_word' id='word_1_84' title='bbox 579 1215 687 1279; x_wconf 91' lang='lat' dir='ltr'><strong>insciis</strong></span> <span class='ocrx_word' id='word_1_85' title='bbox 704 1236 762 1298; x_wconf 92' lang='lat' dir='ltr'><strong>pro</strong></span> <span class='ocrx_word' id='word_1_86' title='bbox 783 1215 886 1295; x_wconf 86' lang='lat' dir='ltr'><strong>noxiis</strong></span> <span class='ocrx_word' id='word_1_87' title='bbox 905 1215 1119 1280; x_wconf 90' lang='lat' dir='ltr'><strong>conciduntur.</strong></span> <span class='ocrx_word' id='word_1_88' title='bbox 1146 1236 1224 1279; x_wconf 85' lang='lat' dir='ltr'><strong>nem</strong></span> 
     </span>
     <span class='ocr_line' id='line_1_12' title="bbox 191 1307 1224 1385; baseline -0.003 -8"><span class='ocrx_word' id='word_1_89' title='bbox 191 1312 284 1377; x_wconf 90' lang='lat' dir='ltr'><strong>celeri</strong></span> <span class='ocrx_word' id='word_1_90' title='bbox 301 1332 426 1376; x_wconf 87' lang='lat' dir='ltr'><strong>rumore</strong></span> <span class='ocrx_word' id='word_1_91' title='bbox 449 1308 558 1384; x_wconf 89' lang='lat' dir='ltr'><strong>dilato,</strong></span> <span class='ocrx_word' id='word_1_92' title='bbox 582 1307 681 1374; x_wconf 93' lang='lat' dir='ltr'><strong>Dioni</strong></span> <span class='ocrx_word' id='word_1_93' title='bbox 698 1308 764 1372; x_wconf 88' lang='lat' dir='ltr'><strong>vim</strong></span> <span class='ocrx_word' id='word_1_94' title='bbox 786 1308 926 1385; x_wconf 87' lang='lat' dir='ltr'><strong>allatam,</strong></span> <span class='ocrx_word' id='word_1_95' title='bbox 949 1307 1039 1372; x_wconf 91' lang='lat' dir='ltr'><strong>multi</strong></span> <span class='ocrx_word' id='word_1_96' title='bbox 1056 1329 1224 1374; x_wconf 89' lang='lat' dir='ltr'><strong>concurre-</strong></span> 
     </span>
     <span class='ocr_line' id='line_1_13' title="bbox 190 1401 1224 1488; baseline -0.003 -18"><span class='ocrx_word' id='word_1_97' title='bbox 190 1415 274 1482; x_wconf 89' lang='lat' dir='ltr'><strong>rant,</strong></span> <span class='ocrx_word' id='word_1_98' title='bbox 298 1404 412 1488; x_wconf 89' lang='lat' dir='ltr'><strong>quibus</strong></span> <span class='ocrx_word' id='word_1_99' title='bbox 434 1403 497 1467; x_wconf 88' lang='lat' dir='ltr'><strong>tale</strong></span> <span class='ocrx_word' id='word_1_100' title='bbox 511 1403 641 1471; x_wconf 83' lang='lat' dir='ltr'><strong>¹facinus</strong></span> <span class='ocrx_word' id='word_1_101' title='bbox 663 1401 857 1488; x_wconf 82' lang='lat' dir='ltr'><strong>displicebat.</strong></span> <span class='ocrx_word' id='word_1_102' title='bbox 884 1403 918 1466; x_wconf 92' lang='lat' dir='ltr'><strong>hi</strong></span> <span class='ocrx_word' id='word_1_103' title='bbox 939 1402 1021 1466; x_wconf 85' lang='lat' dir='ltr'><strong>falsa</strong></span> <span class='ocrx_word' id='word_1_104' title='bbox 1042 1401 1224 1488; x_wconf 81' lang='lat' dir='ltr'>suspicione</span> 
     </span>
    </p>

    <p class='ocr_par' dir='ltr' id='par_1_5' title="bbox 158 1487 1226 1958">
     <span class='ocr_line' id='line_1_14' title="bbox 158 1487 1223 1568; baseline -0.006 0"><span class='ocrx_word' id='word_1_105' title='bbox 158 1500 278 1568; x_wconf 76' lang='lat' dir='ltr'><strong>educti</strong></span> <span class='ocrx_word' id='word_1_106' title='bbox 299 1499 498 1562; x_wconf 84' lang='lat' dir='ltr'><strong>immerentes</strong></span> <span class='ocrx_word' id='word_1_107' title='bbox 520 1506 556 1560; x_wconf 91' lang='lat' dir='ltr'><strong>ut</strong></span> <span class='ocrx_word' id='word_1_108' title='bbox 579 1497 745 1562; x_wconf 88' lang='lat' dir='ltr'><strong>sceleratos</strong></span> <span class='ocrx_word' id='word_1_109' title='bbox 769 1487 924 1561; x_wconf 82' lang='lat' dir='ltr'><strong>occidunt.</strong></span> <span class='ocrx_word' id='word_1_110' title='bbox 950 1496 1045 1561; x_wconf 86' lang='lat' dir='ltr'><strong>huius</strong></span> <span class='ocrx_word' id='word_1_111' title='bbox 1063 1495 1103 1561; x_wconf 91' lang='lat' dir='ltr'><strong>de</strong></span> <span class='ocrx_word' id='word_1_112' title='bbox 1119 1506 1223 1562; x_wconf 85' lang='lat' dir='ltr'><strong>morte</strong></span> 
     </span>
     <span class='ocr_line' id='line_1_15' title="bbox 192 1589 1226 1679; baseline -0.001 -22"><span class='ocrx_word' id='word_1_113' title='bbox 192 1603 227 1657; x_wconf 93' lang='lat' dir='ltr'><strong>ut</strong></span> <span class='ocrx_word' id='word_1_114' title='bbox 244 1593 350 1679; x_wconf 92' lang='lat' dir='ltr'><strong>palam</strong></span> <span class='ocrx_word' id='word_1_115' title='bbox 371 1591 570 1668; x_wconf 83' lang='lat' dir='ltr'><strong>factumest,</strong></span> <span class='ocrx_word' id='word_1_116' title='bbox 594 1591 777 1656; x_wconf 87' lang='lat' dir='ltr'><strong>mirabiliter</strong></span> <span class='ocrx_word' id='word_1_117' title='bbox 797 1590 886 1679; x_wconf 88' lang='lat' dir='ltr'><strong>vulgi</strong></span> <span class='ocrx_word' id='word_1_118' title='bbox 908 1599 1028 1655; x_wconf 87' lang='lat' dir='ltr'><strong>mutata</strong></span> <span class='ocrx_word' id='word_1_119' title='bbox 1044 1596 1094 1655; x_wconf 88' lang='lat' dir='ltr'><strong>est</strong></span> <span class='ocrx_word' id='word_1_120' title='bbox 1109 1589 1226 1656; x_wconf 86' lang='lat' dir='ltr'><strong>volun-</strong></span> 
     </span>
     <span class='ocr_line' id='line_1_16' title="bbox 192 1684 1225 1772; baseline 0 -22"><span class='ocrx_word' id='word_1_121' title='bbox 192 1697 251 1751; x_wconf 91' lang='lat' dir='ltr'><strong>tas.</strong></span> <span class='ocrx_word' id='word_1_122' title='bbox 278 1710 351 1750; x_wconf 89' lang='lat' dir='ltr'><strong>nam</strong></span> <span class='ocrx_word' id='word_1_123' title='bbox 368 1687 423 1770; x_wconf 91' lang='lat' dir='ltr'><strong>qui</strong></span> <span class='ocrx_word' id='word_1_124' title='bbox 444 1687 552 1751; x_wconf 81' lang='lat' dir='ltr'><strong>vivum</strong></span> <span class='ocrx_word' id='word_1_125' title='bbox 574 1708 646 1751; x_wconf 90' lang='lat' dir='ltr'><strong>eum</strong></span> <span class='ocrx_word' id='word_1_126' title='bbox 668 1696 835 1772; x_wconf 85' lang='lat' dir='ltr'><strong>tyrannum</strong></span> <span class='ocrx_word' id='word_1_127' title='bbox 856 1686 1043 1763; x_wconf 80' lang='lat' dir='ltr'><strong>vocitarunt,</strong></span> <span class='ocrx_word' id='word_1_128' title='bbox 1066 1684 1164 1751; x_wconf 86' lang='lat' dir='ltr'><strong>iidem</strong></span> <span class='ocrx_word' id='word_1_129' title='bbox 1185 1685 1225 1750; x_wconf 89' lang='lat' dir='ltr'><strong>li-</strong></span> 
     </span>
     <span class='ocr_line' id='line_1_17' title="bbox 192 1776 1225 1867; baseline -0.001 -22"><span class='ocrx_word' id='word_1_130' title='bbox 192 1780 367 1846; x_wconf 87' lang='lat' dir='ltr'><strong>beratorem</strong></span> <span class='ocrx_word' id='word_1_131' title='bbox 380 1781 498 1867; x_wconf 85' lang='lat' dir='ltr'><strong>patriae</strong></span> <span class='ocrx_word' id='word_1_132' title='bbox 512 1780 698 1866; x_wconf 88' lang='lat' dir='ltr'><strong>tyrannique</strong></span> <span class='ocrx_word' id='word_1_133' title='bbox 712 1779 911 1865; x_wconf 82' lang='lat' dir='ltr'><strong>expulsorem</strong></span> <span class='ocrx_word' id='word_1_134' title='bbox 923 1776 1158 1865; x_wconf 83' lang='lat' dir='ltr'><strong>praedicabant.</strong></span> <span class='ocrx_word' id='word_1_135' title='bbox 1177 1779 1225 1844; x_wconf 91' lang='lat' dir='ltr'><strong>sie</strong></span> 
     </span>
     <span class='ocr_line' id='line_1_18' title="bbox 193 1872 1224 1958; baseline -0.002 -20"><span class='ocrx_word' id='word_1_136' title='bbox 193 1872 296 1939; x_wconf 93' lang='lat' dir='ltr'><strong>subito</strong></span> <span class='ocrx_word' id='word_1_137' title='bbox 314 1874 527 1939; x_wconf 84' lang='lat' dir='ltr'><strong>misericordia</strong></span> <span class='ocrx_word' id='word_1_138' title='bbox 540 1874 612 1939; x_wconf 91' lang='lat' dir='ltr'><strong>odio</strong></span> <span class='ocrx_word' id='word_1_139' title='bbox 630 1883 834 1951; x_wconf 87' lang='lat' dir='ltr'><strong>successerat,</strong></span> <span class='ocrx_word' id='word_1_140' title='bbox 853 1882 889 1938; x_wconf 91' lang='lat' dir='ltr'><strong>ut</strong></span> <span class='ocrx_word' id='word_1_141' title='bbox 906 1895 978 1937; x_wconf 91' lang='lat' dir='ltr'><strong>eum</strong></span> <span class='ocrx_word' id='word_1_142' title='bbox 996 1894 1055 1936; x_wconf 87' lang='lat' dir='ltr'><strong>suo</strong></span> <span class='ocrx_word' id='word_1_143' title='bbox 1068 1872 1224 1958; x_wconf 84' lang='lat' dir='ltr'><strong>sanguine</strong></span> 
     </span>
    </p>

    <p class='ocr_par' dir='ltr' id='par_1_6' title="bbox 160 1966 1226 2333">
     <span class='ocr_line' id='line_1_19' title="bbox 160 1966 1226 2053; baseline -0.002 -20"><span class='ocrx_word' id='word_1_144' title='bbox 160 1986 174 2033; x_wconf 83' lang='lat'><strong>3</strong></span> <span class='ocrx_word' id='word_1_145' title='bbox 193 1967 232 2032; x_wconf 87' lang='lat' dir='ltr'><strong>ab</strong></span> <span class='ocrx_word' id='word_1_146' title='bbox 255 1967 451 2043; x_wconf 84' lang='lat' dir='ltr'><strong>Acherunte,</strong></span> <span class='ocrx_word' id='word_1_147' title='bbox 480 1967 507 2031; x_wconf 90' lang='lat' dir='ltr'><strong>si</strong></span> <span class='ocrx_word' id='word_1_148' title='bbox 527 1976 670 2051; x_wconf 91' lang='lat' dir='ltr'><strong>possent,</strong></span> <span class='ocrx_word' id='word_1_149' title='bbox 699 1977 848 2053; x_wconf 88' lang='lat' dir='ltr'><strong>cuperent</strong></span> <span class='ocrx_word' id='word_1_150' title='bbox 868 1967 1030 2031; x_wconf 89' lang='lat' dir='ltr'><strong>redimere.</strong></span> <span class='ocrx_word' id='word_1_151' title='bbox 1062 1966 1168 2050; x_wconf 86' lang='lat' dir='ltr'><strong>itaque</strong></span> <span class='ocrx_word' id='word_1_152' title='bbox 1190 1966 1226 2031; x_wconf 91' lang='lat' dir='ltr'><strong>in</strong></span> 
     </span>
     <span class='ocr_line' id='line_1_20' title="bbox 193 2050 1225 2146; baseline -0.002 -21"><span class='ocrx_word' id='word_1_153' title='bbox 193 2060 271 2125; x_wconf 89' lang='lat' dir='ltr'><strong>urbe</strong></span> <span class='ocrx_word' id='word_1_154' title='bbox 302 2058 503 2124; x_wconf 88' lang='lat' dir='ltr'><strong>celeberrimo</strong></span> <span class='ocrx_word' id='word_1_155' title='bbox 528 2060 613 2138; x_wconf 92' lang='lat' dir='ltr'><strong>loco,</strong></span> <span class='ocrx_word' id='word_1_156' title='bbox 646 2060 745 2126; x_wconf 87' lang='lat' dir='ltr'><strong>elatus</strong></span> <span class='ocrx_word' id='word_1_157' title='bbox 775 2050 914 2146; x_wconf 91' lang='lat' dir='ltr'><strong>publice,</strong></span> <span class='ocrx_word' id='word_1_158' title='bbox 947 2058 1082 2146; x_wconf 90' lang='lat' dir='ltr'><strong>sepulcri</strong></span> <span class='ocrx_word' id='word_1_159' title='bbox 1110 2080 1225 2123; x_wconf 90' lang='lat' dir='ltr'><strong>monu-</strong></span> 
     </span>
     <span class='ocr_line' id='line_1_21' title="bbox 193 2153 1225 2239; baseline 0.003 -23"><span class='ocrx_word' id='word_1_160' title='bbox 193 2162 298 2217; x_wconf 92' lang='lat' dir='ltr'><strong>mento</strong></span> <span class='ocrx_word' id='word_1_161' title='bbox 312 2154 445 2217; x_wconf 88' lang='lat' dir='ltr'><strong>donatus</strong></span> <span class='ocrx_word' id='word_1_162' title='bbox 465 2161 521 2218; x_wconf 91' lang='lat' dir='ltr'><strong>est.</strong></span> <span class='ocrx_word' id='word_1_163' title='bbox 550 2153 633 2218; x_wconf 92' lang='lat' dir='ltr'><strong>diem</strong></span> <span class='ocrx_word' id='word_1_164' title='bbox 651 2154 729 2219; x_wconf 89' lang='lat' dir='ltr'><strong>obiit</strong></span> <span class='ocrx_word' id='word_1_165' title='bbox 747 2155 868 2219; x_wconf 90' lang='lat' dir='ltr'><strong>circiter</strong></span> <span class='ocrx_word' id='word_1_166' title='bbox 881 2176 979 2219; x_wconf 87' lang='lat' dir='ltr'><strong>annos</strong></span> <span class='ocrx_word' id='word_1_167' title='bbox 993 2153 1225 2239; x_wconf 78' lang='lat' dir='ltr'><strong>quinquaginta</strong></span> 
     </span>
     <span class='ocr_line' id='line_1_22' title="bbox 193 2245 1225 2333; baseline 0.002 -24"><span class='ocrx_word' id='word_1_168' title='bbox 193 2245 331 2330; x_wconf 89' lang='lat' dir='ltr'><strong>quinque</strong></span> <span class='ocrx_word' id='word_1_169' title='bbox 348 2255 454 2324; x_wconf 86' lang='lat' dir='ltr'><strong>natus,</strong></span> <span class='ocrx_word' id='word_1_170' title='bbox 478 2255 624 2330; x_wconf 87' lang='lat' dir='ltr'><strong>quartum</strong></span> <span class='ocrx_word' id='word_1_171' title='bbox 640 2258 714 2333; x_wconf 88' lang='lat' dir='ltr'><strong>post</strong></span> <span class='ocrx_word' id='word_1_172' title='bbox 735 2271 865 2327; x_wconf 88' lang='lat' dir='ltr'><strong>annum,</strong></span> <span class='ocrx_word' id='word_1_173' title='bbox 888 2271 985 2333; x_wconf 86' lang='lat' dir='ltr'><strong>quam</strong></span> <span class='ocrx_word' id='word_1_174' title='bbox 1002 2270 1043 2312; x_wconf 85' lang='lat' dir='ltr'><strong>ex</strong></span> <span class='ocrx_word' id='word_1_175' title='bbox 1063 2246 1225 2333; x_wconf 90' lang='lat' dir='ltr'><strong>Pelopon-</strong></span> 
     </span>
    </p>

    <p class='ocr_par' dir='ltr' id='par_1_7' title="bbox 132 2338 643 2406">
     <span class='ocr_line' id='line_1_23' title="bbox 132 2338 643 2406; baseline 0.004 -2"><span class='ocrx_word' id='word_1_176' title='bbox 132 2366 135 2375; x_wconf 63' lang='lat'><strong>¹</strong></span> <span class='ocrx_word' id='word_1_177' title='bbox 193 2350 270 2406; x_wconf 87' lang='lat' dir='ltr'><strong>neso</strong></span> <span class='ocrx_word' id='word_1_178' title='bbox 287 2340 321 2404; x_wconf 91' lang='lat' dir='ltr'><strong>in</strong></span> <span class='ocrx_word' id='word_1_179' title='bbox 337 2338 482 2406; x_wconf 84' lang='lat' dir='ltr'><strong>&#39;Siciliam</strong></span> <span class='ocrx_word' id='word_1_180' title='bbox 499 2342 643 2406; x_wconf 87' lang='lat' dir='ltr'><strong>redierat.</strong></span> 
     </span>
    </p>
   </div>
   <div class='ocr_carea' id='block_1_3' title="bbox 488 2542 924 2629">
    <p class='ocr_par' dir='ltr' id='par_1_8' title="bbox 488 2542 924 2629">
     <span class='ocr_line' id='line_1_24' title="bbox 488 2542 924 2629; baseline 0.005 -3"><span class='ocrx_word' id='word_1_181' title='bbox 488 2561 552 2626; x_wconf 82' lang='lat' dir='ltr'><strong>xr.</strong></span> <span class='ocrx_word' id='word_1_182' title='bbox 588 2542 924 2629; x_wconf 75' lang='lat' dir='ltr'><strong>rrHr&#39;cunrus</strong></span> 
     </span>
    </p>
   </div>
   <div class='ocr_carea' id='block_1_4' title="bbox 161 2712 1271 4116">
    <p class='ocr_par' dir='ltr' id='par_1_9' title="bbox 162 2712 1226 3082">
     <span class='ocr_line' id='line_1_25' title="bbox 162 2712 1225 2803; baseline 0 -22"><span class='ocrx_word' id='word_1_183' title='bbox 162 2736 174 2781; x_wconf 91' lang='lat'>1</span> <span class='ocrx_word' id='word_1_184' title='bbox 245 2713 272 2776; x_wconf 94' lang='lat' dir='ltr'><strong>I.</strong></span> <span class='ocrx_word' id='word_1_185' title='bbox 300 2712 472 2799; x_wconf 86' lang='lat' dir='ltr'><strong>Iphicrates</strong></span> <span class='ocrx_word' id='word_1_186' title='bbox 490 2713 695 2780; x_wconf 88' lang='lat' dir='ltr'><strong>Atheniensis</strong></span> <span class='ocrx_word' id='word_1_187' title='bbox 717 2739 781 2780; x_wconf 92' lang='lat' dir='ltr'><strong>non</strong></span> <span class='ocrx_word' id='word_1_188' title='bbox 803 2725 867 2781; x_wconf 87' lang='lat' dir='ltr'><strong>tam</strong></span> <span class='ocrx_word' id='word_1_189' title='bbox 885 2714 1100 2803; x_wconf 87' lang='lat' dir='ltr'><strong>magnitudine</strong></span> <span class='ocrx_word' id='word_1_190' title='bbox 1116 2737 1225 2782; x_wconf 86' lang='lat' dir='ltr'><strong>rerum</strong></span> 
     </span>
     <span class='ocr_line' id='line_1_26' title="bbox 193 2808 1225 2893; baseline 0.006 -23"><span class='ocrx_word' id='word_1_191' title='bbox 193 2816 353 2891; x_wconf 83' lang='lat' dir='ltr'><strong>gestarum</strong></span> <span class='ocrx_word' id='word_1_192' title='bbox 367 2830 462 2892; x_wconf 88' lang='lat' dir='ltr'><strong>quam</strong></span> <span class='ocrx_word' id='word_1_193' title='bbox 477 2809 641 2893; x_wconf 88' lang='lat' dir='ltr'><strong>disciplina</strong></span> <span class='ocrx_word' id='word_1_194' title='bbox 654 2810 780 2874; x_wconf 87' lang='lat' dir='ltr'><strong>militari</strong></span> <span class='ocrx_word' id='word_1_195' title='bbox 791 2810 971 2875; x_wconf 85' lang='lat' dir='ltr'><strong>nobilitatus</strong></span> <span class='ocrx_word' id='word_1_196' title='bbox 985 2817 1041 2875; x_wconf 82' lang='lat' dir='ltr'><strong>est</strong></span> <span class='ocrx_word' id='word_1_197' title='bbox 1063 2808 1126 2873; x_wconf 80' lang='lat' dir='ltr'><strong>suit</strong></span> <span class='ocrx_word' id='word_1_198' title='bbox 1138 2809 1225 2875; x_wconf 91' lang='lat' dir='ltr'><strong>enim</strong></span> 
     </span>
     <span class='ocr_line' id='line_1_27' title="bbox 193 2899 1226 2990; baseline 0.006 -28"><span class='ocrx_word' id='word_1_199' title='bbox 193 2899 264 2964; x_wconf 86' lang='lat' dir='ltr'><strong>talis</strong></span> <span class='ocrx_word' id='word_1_200' title='bbox 283 2900 361 2979; x_wconf 88' lang='lat' dir='ltr'><strong>dux,</strong></span> <span class='ocrx_word' id='word_1_201' title='bbox 384 2911 501 2967; x_wconf 89' lang='lat' dir='ltr'><strong>utnon</strong></span> <span class='ocrx_word' id='word_1_202' title='bbox 523 2903 625 2968; x_wconf 89' lang='lat' dir='ltr'><strong>solum</strong></span> <span class='ocrx_word' id='word_1_203' title='bbox 647 2904 757 2969; x_wconf 85' lang='lat' dir='ltr'><strong>aetatis</strong></span> <span class='ocrx_word' id='word_1_204' title='bbox 777 2926 852 2969; x_wconf 87' lang='lat' dir='ltr'><strong>suae</strong></span> <span class='ocrx_word' id='word_1_205' title='bbox 874 2926 947 2969; x_wconf 92' lang='lat' dir='ltr'><strong>cum</strong></span> <span class='ocrx_word' id='word_1_206' title='bbox 968 2901 1077 2990; x_wconf 91' lang='lat' dir='ltr'><strong>primis</strong></span> <span class='ocrx_word' id='word_1_207' title='bbox 1095 2924 1226 2989; x_wconf 87' lang='lat' dir='ltr'><strong>compa·</strong></span> 
     </span>
     <span class='ocr_line' id='line_1_28' title="bbox 193 2996 1226 3082; baseline 0.006 -26"><span class='ocrx_word' id='word_1_208' title='bbox 193 3001 322 3071; x_wconf 83' lang='lat' dir='ltr'><strong>raretur,</strong></span> <span class='ocrx_word' id='word_1_209' title='bbox 342 2996 399 3059; x_wconf 88' lang='lat' dir='ltr'><strong>sed</strong></span> <span class='ocrx_word' id='word_1_210' title='bbox 415 3018 455 3060; x_wconf 92' lang='lat' dir='ltr'><strong>ne</strong></span> <span class='ocrx_word' id='word_1_211' title='bbox 473 2998 512 3060; x_wconf 91' lang='lat' dir='ltr'><strong>de</strong></span> <span class='ocrx_word' id='word_1_212' title='bbox 526 2997 695 3062; x_wconf 81' lang='lat' dir='ltr'><strong>maioribus</strong></span> <span class='ocrx_word' id='word_1_213' title='bbox 713 3007 789 3062; x_wconf 91' lang='lat' dir='ltr'><strong>natu</strong></span> <span class='ocrx_word' id='word_1_214' title='bbox 807 2998 934 3082; x_wconf 89' lang='lat' dir='ltr'><strong>quidem</strong></span> <span class='ocrx_word' id='word_1_215' title='bbox 951 2998 1119 3082; x_wconf 87' lang='lat' dir='ltr'><strong>quisquam</strong></span> <span class='ocrx_word' id='word_1_216' title='bbox 1136 3006 1226 3063; x_wconf 86' lang='lat' dir='ltr'><strong>ante-</strong></span> 
     </span>
    </p>

    <p class='ocr_par' dir='ltr' id='par_1_10' title="bbox 161 3088 1227 3362">
     <span class='ocr_line' id='line_1_29' title="bbox 161 3088 1227 3177; baseline 0.003 -23"><span class='ocrx_word' id='word_1_217' title='bbox 161 3108 175 3154; x_wconf 85' lang='lat'><strong><em>2</em></strong></span> <span class='ocrx_word' id='word_1_218' title='bbox 193 3097 369 3172; x_wconf 88' lang='lat' dir='ltr'><strong>poneretur.</strong></span> <span class='ocrx_word' id='word_1_219' title='bbox 397 3088 530 3153; x_wconf 91' lang='lat' dir='ltr'><strong>multum</strong></span> <span class='ocrx_word' id='word_1_220' title='bbox 548 3112 622 3154; x_wconf 87' lang='lat' dir='ltr'><strong>vero</strong></span> <span class='ocrx_word' id='word_1_221' title='bbox 640 3091 673 3154; x_wconf 92' lang='lat' dir='ltr'><strong>in</strong></span> <span class='ocrx_word' id='word_1_222' title='bbox 686 3090 769 3157; x_wconf 94' lang='lat' dir='ltr'><strong>bello</strong></span> <span class='ocrx_word' id='word_1_223' title='bbox 788 3102 836 3157; x_wconf 91' lang='lat' dir='ltr'><strong>est</strong></span> <span class='ocrx_word' id='word_1_224' title='bbox 853 3100 1006 3169; x_wconf 87' lang='lat' dir='ltr'><strong>versatus,</strong></span> <span class='ocrx_word' id='word_1_225' title='bbox 1026 3113 1121 3177; x_wconf 86' lang='lat' dir='ltr'><strong>saepe</strong></span> <span class='ocrx_word' id='word_1_226' title='bbox 1134 3112 1227 3157; x_wconf 86' lang='lat' dir='ltr'><strong>exer·</strong></span> 
     </span>
     <span class='ocr_line' id='line_1_30' title="bbox 195 3181 1227 3273; baseline 0.006 -28"><span class='ocrx_word' id='word_1_227' title='bbox 195 3181 307 3246; x_wconf 90' lang='lat' dir='ltr'><strong>citibus</strong></span> <span class='ocrx_word' id='word_1_228' title='bbox 324 3182 475 3267; x_wconf 87' lang='lat' dir='ltr'><strong>praefuit,</strong></span> <span class='ocrx_word' id='word_1_229' title='bbox 493 3206 650 3268; x_wconf 88' lang='lat' dir='ltr'><strong>nusquam</strong></span> <span class='ocrx_word' id='word_1_230' title='bbox 669 3185 761 3270; x_wconf 90' lang='lat' dir='ltr'><strong>culpa</strong></span> <span class='ocrx_word' id='word_1_231' title='bbox 779 3186 860 3250; x_wconf 91' lang='lat' dir='ltr'><strong>male</strong></span> <span class='ocrx_word' id='word_1_232' title='bbox 877 3208 945 3250; x_wconf 89' lang='lat' dir='ltr'><strong>rem</strong></span> <span class='ocrx_word' id='word_1_233' title='bbox 961 3185 1075 3273; x_wconf 82' lang='lat' dir='ltr'><strong>gessit,</strong></span> <span class='ocrx_word' id='word_1_234' title='bbox 1099 3206 1227 3272; x_wconf 90' lang='lat' dir='ltr'><strong>semper</strong></span> 
     </span>
     <span class='ocr_line' id='line_1_31' title="bbox 195 3275 1226 3362; baseline 0.005 -24"><span class='ocrx_word' id='word_1_235' title='bbox 195 3275 325 3340; x_wconf 90' lang='lat' dir='ltr'><strong>consilio</strong></span> <span class='ocrx_word' id='word_1_236' title='bbox 342 3276 417 3340; x_wconf 90' lang='lat' dir='ltr'><strong>vicit</strong></span> <span class='ocrx_word' id='word_1_237' title='bbox 439 3286 622 3362; x_wconf 88' lang='lat' dir='ltr'><strong>tantumque</strong></span> <span class='ocrx_word' id='word_1_238' title='bbox 641 3300 678 3343; x_wconf 92' lang='lat' dir='ltr'><strong>eo</strong></span> <span class='ocrx_word' id='word_1_239' title='bbox 695 3279 807 3357; x_wconf 80' lang='lat' dir='ltr'><strong>valuit,</strong></span> <span class='ocrx_word' id='word_1_240' title='bbox 827 3289 863 3344; x_wconf 95' lang='lat' dir='ltr'><strong>ut</strong></span> <span class='ocrx_word' id='word_1_241' title='bbox 879 3280 979 3344; x_wconf 89' lang='lat' dir='ltr'><strong>multa</strong></span> <span class='ocrx_word' id='word_1_242' title='bbox 995 3280 1079 3343; x_wconf 93' lang='lat' dir='ltr'><strong>inre</strong></span> <span class='ocrx_word' id='word_1_243' title='bbox 1096 3278 1226 3343; x_wconf 85' lang='lat' dir='ltr'><strong>militari</strong></span> 
     </span>
    </p>

    <p class='ocr_par' dir='ltr' id='par_1_11' title="bbox 161 3368 1271 3929">
     <span class='ocr_line' id='line_1_32' title="bbox 161 3368 1227 3456; baseline 0.003 -22"><span class='ocrx_word' id='word_1_244' title='bbox 161 3388 176 3434; x_wconf 84' lang='lat'><strong>3</strong></span> <span class='ocrx_word' id='word_1_245' title='bbox 194 3368 307 3451; x_wconf 86' lang='lat' dir='ltr'><strong>partim</strong></span> <span class='ocrx_word' id='word_1_246' title='bbox 324 3392 407 3435; x_wconf 89' lang='lat' dir='ltr'><strong>nova</strong></span> <span class='ocrx_word' id='word_1_247' title='bbox 424 3371 573 3449; x_wconf 89' lang='lat' dir='ltr'><strong>attulerit,</strong></span> <span class='ocrx_word' id='word_1_248' title='bbox 596 3372 708 3456; x_wconf 88' lang='lat' dir='ltr'><strong>partim</strong></span> <span class='ocrx_word' id='word_1_249' title='bbox 727 3373 856 3438; x_wconf 88' lang='lat' dir='ltr'><strong>meliora</strong></span> <span class='ocrx_word' id='word_1_250' title='bbox 873 3373 991 3438; x_wconf 84' lang='lat' dir='ltr'><strong>fecerit.</strong></span> <span class='ocrx_word' id='word_1_251' title='bbox 1017 3392 1155 3456; x_wconf 88' lang='lat' dir='ltr'><strong>namque</strong></span> <span class='ocrx_word' id='word_1_252' title='bbox 1172 3372 1227 3437; x_wconf 89' lang='lat' dir='ltr'><strong>ille</strong></span> 
     </span>
     <span class='ocr_line' id='line_1_33' title="bbox 194 3460 1235 3552; baseline 0.009 -30"><span class='ocrx_word' id='word_1_253' title='bbox 194 3460 351 3544; x_wconf 89' lang='lat' dir='ltr'><strong>pedestria</strong></span> <span class='ocrx_word' id='word_1_254' title='bbox 364 3487 451 3528; x_wconf 87' lang='lat' dir='ltr'><strong>arma</strong></span> <span class='ocrx_word' id='word_1_255' title='bbox 463 3465 604 3528; x_wconf 89' lang='lat' dir='ltr'><strong>mutavit.</strong></span> <span class='ocrx_word' id='word_1_256' title='bbox 624 3487 696 3529; x_wconf 91' lang='lat' dir='ltr'><strong>cum</strong></span> <span class='ocrx_word' id='word_1_257' title='bbox 710 3475 781 3531; x_wconf 88' lang='lat' dir='ltr'><strong>ante</strong></span> <span class='ocrx_word' id='word_1_258' title='bbox 790 3466 879 3531; x_wconf 94' lang='lat' dir='ltr'><strong>illum</strong></span> <span class='ocrx_word' id='word_1_259' title='bbox 891 3468 1112 3552; x_wconf 88' lang='lat' dir='ltr'><strong>imperatorem</strong></span> <span class='ocrx_word' id='word_1_260' title='bbox 1125 3466 1235 3531; x_wconf 76' lang='lat' dir='ltr'><strong>maxi-&#39;</strong></span> 
     </span>
     <span class='ocr_line' id='line_1_34' title="bbox 194 3553 1227 3647; baseline 0.007 -30"><span class='ocrx_word' id='word_1_261' title='bbox 194 3553 255 3618; x_wconf 91' lang='lat' dir='ltr'><strong>mis</strong></span> <span class='ocrx_word' id='word_1_262' title='bbox 274 3553 391 3639; x_wconf 88' lang='lat' dir='ltr'><strong>clipeis,</strong></span> <span class='ocrx_word' id='word_1_263' title='bbox 409 3557 558 3623; x_wconf 89' lang='lat' dir='ltr'><strong>brevibus</strong></span> <span class='ocrx_word' id='word_1_264' title='bbox 576 3559 685 3636; x_wconf 88' lang='lat' dir='ltr'><strong>hastis,</strong></span> <span class='ocrx_word' id='word_1_265' title='bbox 704 3559 832 3625; x_wconf 90' lang='lat' dir='ltr'><strong>minutis</strong></span> <span class='ocrx_word' id='word_1_266' title='bbox 845 3560 960 3647; x_wconf 91' lang='lat' dir='ltr'><strong>gladiis</strong></span> <span class='ocrx_word' id='word_1_267' title='bbox 977 3568 1153 3637; x_wconf 87' lang='lat' dir='ltr'><strong>uterentur,</strong></span> <span class='ocrx_word' id='word_1_268' title='bbox 1172 3559 1227 3624; x_wconf 87' lang='lat' dir='ltr'><strong>ille</strong></span> 
     </span>
     <span class='ocr_line' id='line_1_35' title="bbox 195 3649 1228 3740; baseline 0.008 -29"><span class='ocrx_word' id='word_1_269' title='bbox 195 3670 212 3712; x_wconf 93' lang='lat' dir='ltr'><strong>e</strong></span> <span class='ocrx_word' id='word_1_270' title='bbox 231 3649 385 3713; x_wconf 86' lang='lat' dir='ltr'><strong>contrario</strong></span> <span class='ocrx_word' id='word_1_271' title='bbox 401 3651 518 3737; x_wconf 89' lang='lat' dir='ltr'><strong>peltam</strong></span> <span class='ocrx_word' id='word_1_272' title='bbox 535 3676 591 3740; x_wconf 93' lang='lat' dir='ltr'><strong>pro</strong></span> <span class='ocrx_word' id='word_1_273' title='bbox 605 3676 715 3739; x_wconf 88' lang='lat' dir='ltr'><strong>parma</strong></span> <span class='ocrx_word' id='word_1_274' title='bbox 727 3653 802 3719; x_wconf 85' lang='lat' dir='ltr'><strong>fecit</strong></span> <span class='ocrx_word' id='word_1_275' title='bbox 819 3654 853 3737; x_wconf 88' lang='lat' dir='ltr'><strong>(a</strong></span> <span class='ocrx_word' id='word_1_276' title='bbox 870 3676 932 3739; x_wconf 91' lang='lat' dir='ltr'><strong>quo</strong></span> <span class='ocrx_word' id='word_1_277' title='bbox 944 3663 1055 3739; x_wconf 91' lang='lat' dir='ltr'><strong>postea</strong></span> <span class='ocrx_word' id='word_1_278' title='bbox 1071 3654 1228 3740; x_wconf 86' lang='lat' dir='ltr'><strong>peltastae</strong></span> 
     </span>
     <span class='ocr_line' id='line_1_36' title="bbox 194 3742 1229 3832; baseline 0.006 -25"><span class='ocrx_word' id='word_1_279' title='bbox 194 3742 315 3827; x_wconf 90' lang='lat' dir='ltr'><strong>pedites</strong></span> <span class='ocrx_word' id='word_1_280' title='bbox 333 3744 552 3831; x_wconf 86' lang='lat' dir='ltr'><strong>appellantur),</strong></span> <span class='ocrx_word' id='word_1_281' title='bbox 571 3757 606 3811; x_wconf 90' lang='lat' dir='ltr'><strong>ut</strong></span> <span class='ocrx_word' id='word_1_282' title='bbox 624 3747 664 3812; x_wconf 86' lang='lat' dir='ltr'><strong>ad</strong></span> <span class='ocrx_word' id='word_1_283' title='bbox 682 3758 786 3814; x_wconf 90' lang='lat' dir='ltr'><strong>motus</strong></span> <span class='ocrx_word' id='word_1_284' title='bbox 805 3771 1038 3832; x_wconf 88' lang='lat' dir='ltr'><strong>concursusque</strong></span> <span class='ocrx_word' id='word_1_285' title='bbox 1056 3756 1164 3813; x_wconf 85' lang='lat' dir='ltr'><strong>essent</strong></span> <span class='ocrx_word' id='word_1_286' title='bbox 1180 3748 1229 3813; x_wconf 90' lang='lat' dir='ltr'><strong>le-</strong></span> 
     </span>
     <span class='ocr_line' id='line_1_37' title="bbox 195 3829 1271 3929; baseline 0.002 -28"><span class='ocrx_word' id='word_1_287' title='bbox 195 3829 313 3916; x_wconf 84' lang='lat' dir='ltr'><strong>vidres3</strong></span> <span class='ocrx_word' id='word_1_288' title='bbox 334 3838 445 3903; x_wconf 86' lang='lat' dir='ltr'><strong>hastae</strong></span> <span class='ocrx_word' id='word_1_289' title='bbox 461 3841 592 3906; x_wconf 92' lang='lat' dir='ltr'><strong>modum</strong></span> <span class='ocrx_word' id='word_1_290' title='bbox 609 3842 798 3928; x_wconf 88' lang='lat' dir='ltr'><strong>duplicavit,</strong></span> <span class='ocrx_word' id='word_1_291' title='bbox 820 3842 943 3929; x_wconf 89' lang='lat' dir='ltr'><strong>gladios</strong></span> <span class='ocrx_word' id='word_1_292' title='bbox 960 3842 1120 3929; x_wconf 85' lang='lat' dir='ltr'><strong>longiores</strong></span> <span class='ocrx_word' id='word_1_293' title='bbox 1138 3842 1226 3907; x_wconf 82' lang='lat' dir='ltr'><strong>lecit.</strong></span> <span class='ocrx_word' id='word_1_294' title='bbox 1268 3898 1271 3903; x_wconf 92' lang='lat'><strong>.</strong></span> 
     </span>
    </p>

    <p class='ocr_par' dir='ltr' id='par_1_12' title="bbox 161 3928 1228 4116">
     <span class='ocr_line' id='line_1_38' title="bbox 161 3928 1226 4022; baseline 0.007 -27"><span class='ocrx_word' id='word_1_295' title='bbox 161 3928 279 3995; x_wconf 69' lang='lat' dir='ltr'><strong>tidem</strong></span> <span class='ocrx_word' id='word_1_296' title='bbox 301 3953 402 4018; x_wconf 88' lang='lat' dir='ltr'><strong>genus</strong></span> <span class='ocrx_word' id='word_1_297' title='bbox 423 3932 590 3999; x_wconf 86' lang='lat' dir='ltr'><strong>loricarum</strong></span> <span class='ocrx_word' id='word_1_298' title='bbox 612 3944 643 4001; x_wconf 90' lang='lat' dir='ltr'><strong>et</strong></span> <span class='ocrx_word' id='word_1_299' title='bbox 663 3959 721 4022; x_wconf 91' lang='lat' dir='ltr'><strong>pro</strong></span> <span class='ocrx_word' id='word_1_300' title='bbox 743 3937 833 4001; x_wconf 83' lang='lat' dir='ltr'><strong>sertis</strong></span> <span class='ocrx_word' id='word_1_301' title='bbox 860 3946 954 4020; x_wconf 83' lang='lat' dir='ltr'><strong>etque</strong></span> <span class='ocrx_word' id='word_1_302' title='bbox 980 3936 1085 4001; x_wconf 88' lang='lat' dir='ltr'><strong>aeneis</strong></span> <span class='ocrx_word' id='word_1_303' title='bbox 1110 3936 1226 4002; x_wconf 83' lang='lat' dir='ltr'><strong>linteas</strong></span> 
     </span>
     <span class='ocr_line' id='line_1_39' title="bbox 197 4020 1228 4116; baseline 0.009 -29"><span class='ocrx_word' id='word_1_304' title='bbox 197 4020 291 4091; x_wconf 81' lang='lat' dir='ltr'><strong>dedit.</strong></span> <span class='ocrx_word' id='word_1_305' title='bbox 318 4046 382 4111; x_wconf 90' lang='lat' dir='ltr'><strong>quo</strong></span> <span class='ocrx_word' id='word_1_306' title='bbox 403 4025 487 4093; x_wconf 81' lang='lat' dir='ltr'><strong>facto</strong></span> <span class='ocrx_word' id='word_1_307' title='bbox 509 4030 716 4114; x_wconf 85' lang='lat' dir='ltr'><strong>expeditiores</strong></span> <span class='ocrx_word' id='word_1_308' title='bbox 738 4030 852 4095; x_wconf 91' lang='lat' dir='ltr'><strong>milites</strong></span> <span class='ocrx_word' id='word_1_309' title='bbox 874 4030 1024 4108; x_wconf 91' lang='lat' dir='ltr'><strong>reddidit;</strong></span> <span class='ocrx_word' id='word_1_310' title='bbox 1050 4052 1125 4096; x_wconf 85' lang='lat' dir='ltr'><strong>nam</strong></span> <span class='ocrx_word' id='word_1_311' title='bbox 1145 4052 1228 4116; x_wconf 90' lang='lat' dir='ltr'><strong>pon·</strong></span> 
     </span>
    </p>
   </div>
   <div class='ocr_carea' id='block_1_5' title="bbox 0 0 1290 4410">
    <p class='ocr_par' dir='ltr' id='par_1_13' title="bbox 0 0 1290 4410">
     <span class='ocr_line' id='line_1_40' title="bbox 0 0 1290 4410; baseline 0 0"><span class='ocrx_word' id='word_1_312' title='bbox 0 0 1290 4410; x_wconf 95' lang='lat' dir='ltr'><strong> </strong></span> 
     </span>
    </p>
   </div>
  </div>
 </body>
</html>
