2564 4410
132 218 174 283 32
223 296 225 301 ¹
462 224 826 284 coauunuuurorrs
854 188 857 193 ¹

132 346 235 410 minus
253 352 379 431 propter
397 365 499 407 mores
518 364 613 427 quam
631 341 824 407 affinitatem.
852 364 987 427 namque
1006 341 1065 407 etsi
1078 340 1165 407 Dio-

8 454 11 461 ·
131 439 215 526 nysii
233 437 398 503 crudelitas
417 437 446 501 ei
468 435 665 522 displicebat,
688 444 793 500 tamen
816 436 938 501 salvum
960 445 1087 522 propter
1105 458 1164 501 ne·

132 532 363 609 cessitudinem,
383 531 484 618 magis
503 531 597 595 etiam
615 551 743 594 suorum
761 551 882 607 caussa,
902 529 1057 595 studebat.
1085 531 1164 595 ade-

131 637 180 691 rat
197 627 231 691 in
248 626 371 712 magnis
388 625 497 703 rebus,
521 625 651 708 eiusque
673 624 801 689 consilio
819 623 952 689 multum
973 623 1164 689 movebatur

133 732 293 807 tyrannus,
312 720 372 784 nisi
382 743 444 804 qua
456 719 489 784 in
497 742 531 785 re
540 719 640 784 maior
646 719 745 804 ipsius
760 718 914 804 cupiditas
927 718 1161 784 intercesserat.

98 835 115 880 4
133 816 305 903 legationes
323 837 397 879 vero
415 836 540 892 omnes,
562 835 643 897 quae
661 822 767 877 essent
783 813 981 890 illustriores,
1003 834 1061 898 per
1077 812 1163 878 Dio-

134 933 206 975 nem
216 907 524 985 administrabantur;
539 930 617 991 quas
632 907 759 990 quidem
767 907 819 972 ille
829 907 993 994 diligenter
1001 906 1161 985 obeundo,

134 1003 232 1068 fidelit
220 1014 266 1068 ter
288 1003 532 1068 administrando
555 1001 805 1067 crudelissimum
822 1024 938 1067 nomen
959 1001 1083 1086 tyranni
1102 1025 1170 1068 sua·

99 1097 326 1162 thumanitate
348 1097 483 1183 tegebat
510 1097 595 1162 hunc
617 1120 636 1161 a
657 1095 814 1182 Dionysio
836 1096 969 1162 missum
993 1095 1070 1160 Cart
1058 1096 1163 1182 thagi-

133 1193 258 1257 nienses
277 1200 498 1277 suspexerunt,
517 1201 552 1255 ut
568 1190 725 1254 neminem
742 1212 893 1280 umquam
912 1187 1034 1255 Graeca
1051 1189 1165 1315 lingua

133 1287 313 1370 loquentem
329 1284 431 1370 magis
450 1283 513 1348 sint
500 1283 684 1348 tadmirati

102 1396 115 1441 1
186 1379 230 1443 11.
257 1379 368 1462 Neque
381 1399 455 1442 vero
468 1376 751 1462 haecDionysium
764 1375 937 1463 fugiebant.
955 1399 1029 1441 nam
1043 1385 1162 1459 quanto

135 1483 219 1539 asset
206 1473 301 1538 tsibi
328 1481 510 1537 ornamento
533 1472 696 1537 sentiebat.
729 1494 793 1555 quo
814 1472 922 1550 fiebat,
950 1483 985 1538 ιιι
1008 1475 1064 1538 uni
1085 1473 1163 1540 huic

51 1568 55 1575 '
135 1567 271 1632 maxime
292 1566 468 1652 indulgeret
489 1588 591 1650 neque
613 1589 685 1631 eum
708 1589 799 1632 secus
822 1559 966 1654 diligeret
986 1590 1024 1633 ac
1045 1567 1163 1647 filium;

101 1677 116 1724 2
135 1661 338 1745 quiquidem,
358 1683 430 1726 cum
442 1659 609 1726 Platonem
623 1660 796 1727 Tarentum
814 1662 940 1727 venisse
958 1661 1044 1726 fama
1060 1662 1095 1725 in
1109 1660 1164 1728 Si-

135 1755 238 1820 ciliam
257 1764 340 1821 esset
355 1756 483 1841 perlata,
503 1756 693 1822 adolescenti
705 1778 822 1842 negare
839 1778 903 1820 non
919 1756 1064 1842 potuerit,
1084 1758 1163 1839 quin

136 1875 208 1917 eum
225 1860 407 1929 accerseret,
426 1873 498 1916 cum
506 1850 595 1916 Dion
612 1851 680 1915 eius
698 1850 845 1916 audiendi
863 1850 1030 1935 cupiditate
1048 1849 1164 1937 flagra-

134 1956 191 2011 ret.
218 1945 304 2010 dedit
316 1967 391 2031 ergo
404 1944 478 2010 huic
491 1945 616 2008 veniam
629 1967 807 2032 magnaque
825 1966 898 2009 eum
916 1944 1084 2009 ambitione
1099 1942 1165 2032 Sy-

67 2034 70 2039 ’
101 2053 262 2105 aracusas
284 2038 443 2146 perduxit.
471 2059 565 2123 quem
586 2037 674 2103 Dion
696 2040 775 2104 adeo
798 2039 968 2104 admiratus
991 2047 1040 2102 est
1066 2046 1165 2122 atque

136 2133 356 2208 adamavi,ut
321 2140 403 2197 utse
416 2132 446 2196 ei
459 2141 589 2196 ttotum
576 2133 721 2197 traderet.
748 2154 851 2217 neque
864 2155 938 2197 vero
951 2132 1055 2197 minus
1068 2129 1164 2198 Plato

135 2226 268 2291 delectat
256 2235 306 2290 tus
321 2235 369 2290 est
380 2225 495 2291 Dione.
522 2226 628 2310 itaque
641 2248 714 2291 cum
730 2250 751 2290 a
767 2236 899 2311 tyranno
913 2225 1126 2291 crudeliter'
1094 2248 1165 2291 vro-

134 2320 217 2385 latus
236 2327 320 2385 esset
323 2367 333 2398 ,
356 2320 473 2405 quippe
490 2341 585 2402 quem
607 2320 815 2384 venumdari
806 2320 951 2384 russisset
955 2366 964 2397 ,
987 2328 1093 2385 tamen
1110 2341 1165 2385 eo-

100 2431 118 2476 4
136 2415 208 2479 dem
225 2415 317 2480 rediit
338 2414 480 2480 eiusdem
495 2412 611 2479 Dionis
629 2414 774 2500 precibus
797 2414 961 2478 adductus.
987 2413 1113 2478 interim
1129 2413 1166 2478 in

136 2508 280 2573 morbum
301 2508 409 2572 incidit
425 2507 612 2592 Dionysius.
640 2530 793 2592 quocum
814 2507 905 2594 gravi
922 2506 1163 2585 conflictaretur,

136 2601 290 2685 quaesivit
308 2624 327 2665 a
343 2601 473 2665 medicis
491 2601 592 2678 Dion,
614 2601 879 2684 quemadmodum
903 2623 937 2666 se
954 2599 1097 2678 haberet,
1122 2601 1166 2666 si-

57 2722 60 2731 *
136 2694 263 2778 mulque
277 2692 317 2759 ab
334 2694 384 2758 his
397 2694 496 2779 petiit,
516 2695 544 2759 si
560 2694 641 2759 forte
657 2695 768 2759 maiori
785 2704 870 2759 esset
881 2694 1029 2780 periculo,
1048 2702 1084 2758 ut
1102 2693 1166 2760 sibi

136 2788 320 2853 faterentur:
346 2812 422 2853 nam
447 2788 528 2853 velle
554 2810 588 2853 se
615 2810 688 2852 cum
714 2810 751 2852 eo
774 2789 908 2872 colloqui
934 2790 973 2853 de
999 2788 1165 2874 partiendo

136 2905 247 2969 regno,
271 2884 356 2967 quod
374 2883 488 2948 sororis
507 2905 583 2948 suae
600 2882 681 2948 filios
700 2905 740 2947 ex
756 2883 811 2948 illo
828 2892 918 2947 natos
935 2892 1056 2968 partem
1073 2883 1166 2969 regni

103 2992 119 3040 5
136 2975 267 3062 putabat
281 2976 394 3041 debere
408 2977 533 3042 habere.
559 2978 593 3041 id
605 2977 719 3042 medici
732 2999 796 3042 non
808 2986 973 3042 tacuerunt
985 2985 1017 3041 et
1029 2976 1071 3041 ad
1083 2975 1167 3041 Dio-

136 3071 263 3157 nysium
284 3070 383 3135 filium
405 3092 581 3136 sermonem
602 3071 783 3136 retulerunt.
818 3093 880 3155 quo
902 3068 955 3135 ille
977 3079 1165 3149 commotus,

136 3187 177 3230 ne
203 3165 317 3252 agendi
343 3173 427 3231 essct
447 3164 546 3230 Dioni
570 3175 723 3252 potestas,
750 3166 831 3251 patri
856 3187 1001 3251 soporem
1023 3164 1165 3231 medicos
1200 3202 1203 3207 ·

137 3260 212 3325 dare
235 3259 347 3345 coegit.
374 3260 435 3326 hoc
457 3282 552 3347 aeger
574 3270 699 3346 sumpto
719 3257 769 3346 [ιιι
791 3258 914 3347 somno]
934 3259 1056 3346 sopitus
1078 3260 1167 3325 diem

138 3351 216 3417 obiit
232 3375 424 3439 supremum.

13 3446 18 3459 '
105 3464 118 3509 1
189 3446 251 3510 111.
280 3446 358 3513 Tale
384 3447 506 3513 initium
533 3447 594 3512 fuit
614 3447 729 3513 Dionis
757 3457 789 3512 et
810 3447 959 3534 Dionysii
985 3446 1166 3528 simultatis,

138 3561 237 3624 eaque
254 3541 360 3606 multis
378 3541 472 3608 rebus
495 3551 588 3607 aucta
609 3551 667 3607 est.
695 3541 752 3607 sed
768 3552 874 3607 tamen
889 3541 998 3628 primis
1017 3543 1168 3628 tempori-

138 3633 198 3720 bus
224 3634 417 3717 aliquamdiu
442 3637 588 3703 simulata
603 3637 685 3701 inter
706 3658 761 3702 eos
782 3637 918 3702 amicitia
939 3636 1063 3700 mansit.
1091 3657 1166 3703 cum

137 3728 225 3794 Dion
246 3751 310 3793 non
335 3729 499 3795 desisteret
523 3729 686 3796 obsecrare
708 3729 914 3816 Dionysium,
940 3738 977 3793 ut
997 3728 1168 3795 Platonem

137 3822 170 3888 A
172 3823 274 3889 thenis
297 3833 468 3888 arcesseret
489 3833 520 3889 et
542 3825 608 3890 eius
631 3825 769 3890 consiliis
791 3834 943 3902 uteretur,
965 3823 1032 3902 ille,
1054 3824 1111 3907 qui
1132 3824 1167 3889 in

105 3935 121 3983 a
140 3917 249 4000 aliqua
260 3939 294 3982 re
311 3916 405 3983 vellet
425 3926 547 4013 patrem
568 3918 697 3997 imitari,
719 3939 839 3983 morem
856 3917 886 3981 ei
903 3917 1011 4004 gessit.
1037 3916 1168 3983 codem·

140 4010 274 4097 demque
292 4021 430 4099 tempore
447 4011 616 4079 Philistum
634 4013 816 4079 historicum
835 4009 1010 4099 Syracusas
1028 4012 1168 4087 reduxit,
