2564 4410
509 256 732 314 MILTIADES.
1115 244 1139 310 5
1173 342 1176 349 ⁴

109 377 213 442 locum
235 375 363 440 videbat
385 376 466 453 suis,
493 383 599 438 tamen
619 373 719 439 fretus
737 392 867 437 numero
885 372 1046 457 copiarum
1064 395 1137 438 sua·

109 493 178 535 rum
200 470 366 555 confligere
391 466 550 554 cupiebat,
569 489 668 551 eoque
686 465 798 552 magis,
826 463 925 549 quod,
951 463 1135 551 priusquam
1254 486 1257 493 ·

108 562 355 638 Lacedaemonii
372 562 514 628 subsidio
531 560 686 638 venirent,
706 561 853 625 dimicare
871 558 946 623 utile
964 559 1135 629 arbitraba-

108 670 167 723 tur.
203 658 308 740 itaque
334 657 368 722 in
398 657 498 722 aciem
523 657 665 741 peditum
690 664 828 731 centum,
861 653 1000 736 equitum
1025 653 1135 719 decem

108 752 195 816 milia
216 750 364 837 produxit
385 750 600 836 proeliumque
619 748 783 813 commisit.
818 747 853 811 in
874 769 937 830 quo
959 755 1044 812 tanto
1061 748 1133 832 plus
1152 770 1167 816 5

108 847 223 909 virtute
245 844 410 909 valuerunt
427 842 649 920 Athenienses,
672 851 709 906 ut
730 840 952 925 decemplicem
969 863 1133 905 numerum
1169 866 1174 875 ‘

108 939 247 1004 hostium
263 938 457 1025 profligarint
477 939 618 1021 adeoque
635 934 864 1023 perterruerint,
883 945 919 998 ut
935 934 1053 999 Persae
1070 957 1134 999 nou
1220 944 1223 951 '

110 1041 226 1110 castra,
254 1033 310 1098 sed
335 1055 433 1097 naves
455 1032 608 1117 petierint.
644 1054 707 1115 qua
727 1053 835 1116 pugna
856 1029 934 1094 nihil
960 1029 1063 1095 adhuc
1085 1041 1134 1094 est

110 1125 256 1191 nobilius,
292 1126 379 1189 nulla
401 1124 485 1191 enim
506 1146 656 1208 umquam
678 1134 742 1187 tam
765 1122 879 1208 exigua
900 1144 1011 1188 manus
1030 1132 1132 1188 tantas

109 1241 185 1304 opes
203 1219 379 1304 prostravit.

161 1311 219 1376 Vl.
249 1310 348 1377 Cuius
371 1313 518 1377 victoriae
540 1334 603 1376 non
626 1310 762 1376 alienum
784 1310 908 1374 videtur
929 1309 1020 1394 quale
1041 1330 1164 1395 prae-1
1242 1356 1246 1377 2

109 1406 208 1469 mium
229 1404 367 1471 Miltiadi
389 1406 429 1471 sit
450 1405 601 1470 tributum
624 1405 748 1481 docere,
772 1424 834 1487 quo
856 1403 979 1469 facilius
1001 1401 1133 1488 intelligi

108 1500 219 1584 possit,
239 1500 370 1564 eandem
388 1499 528 1564 omnium
546 1499 708 1564 civitatum
725 1519 796 1563 esse
813 1507 965 1562 naturam.
991 1505 1027 1560 ut
1049 1497 1132 1560 enim
1150 1518 1165 1565 2

107 1593 218 1679 populi
239 1593 376 1658 Romani
397 1593 531 1657 honores
559 1593 718 1686 quondam
739 1591 866 1655 fuerunt
886 1591 948 1655 rari
970 1600 1001 1655 et
1023 1599 1131 1654 tenues

110 1685 150 1750 ob
170 1706 301 1768 eamque
320 1707 465 1748 caussam
482 1684 621 1770 gloriosi,
640 1707 723 1747 nunc
741 1692 846 1748 autem
860 1683 953 1748 effusi
970 1693 1063 1767 atque
1077 1682 1133 1747 ob·
1229 1698 1238 1709 '

110 1778 214 1854 soleti,
234 1778 280 1842 sic
298 1777 372 1857 olim
390 1778 474 1862 apud
485 1776 698 1842 Athenienses
715 1776 815 1841 fuisse
835 1777 1016 1860 reperimus.
1044 1799 1132 1840 nam-
1150 1799 1164 1844 3

109 1892 171 1953 que
188 1871 261 1935 huic
278 1869 425 1949 Miltiadi,
444 1871 518 1955 quia
530 1870 675 1952 Athenas
693 1878 852 1953 totamque
871 1867 1037 1935 Graeciam
1054 1869 1132 1933 libe-

60 2018 62 2025 .
108 1975 207 2043 rarat,
235 1965 305 2030 talis
328 1965 428 2030 honos
447 1965 580 2032 tributus
600 1975 661 2043 est,
689 1965 723 2029 in
744 1966 878 2051 porticu,
906 1987 986 2049 quae
1003 1964 1131 2029 Poecile

108 2067 246 2137 vocatur,
266 2081 338 2124 cum
351 2081 458 2145 pugna
471 2059 693 2146 depingeretur
700 2059 908 2136 Marathonia,
927 2058 1008 2122 utin
1022 2059 1130 2122 decem

108 2162 287 2237 praetorum
299 2174 429 2217 numero
442 2153 544 2238 prima
556 2154 623 2218 eius
637 2154 743 2239 imago
755 2161 931 2238 poneretur,
949 2152 1039 2236 isque
1057 2151 1130 2216 hor·

110 2254 226 2310 taretur
242 2244 356 2310 milites
374 2246 589 2331 proeliumque
608 2247 828 2312 committeret
857 2247 941 2310 idem
962 2246 1015 2310 ille
1031 2265 1164 2331 popu-4

109 2339 173 2416 lus,
196 2348 402 2423 posteaquam
420 2339 521 2404 maius
539 2339 705 2425 imperium
727 2349 774 2405 est
791 2348 900 2404 nactus
919 2350 950 2403 et
966 2338 1129 2424 largitione

108 2433 348 2517 magistratuum
374 2441 537 2518 corruptus
565 2442 626 2512 est,
653 2442 806 2498 trecentas
831 2443 948 2497 statuas
966 2431 1129 2496 Demetrio

107 2524 262 2590 Phalereo
280 2525 426 2590 decrevit.
547 2550 548 2554 ¹

158 2619 236 2682 VH.
265 2618 345 2684 Post
366 2619 427 2685 hoo
447 2620 601 2706 proelium
623 2620 756 2685 classem
779 2619 977 2706 septuaginta
1000 2619 1129 2684 navium
1148 2639 1161 2683 1
1242 2652 1245 2659 ·

108 2711 318 2778 Athenienses
346 2713 448 2778 eidem
473 2713 611 2778 Miltiadi
636 2714 800 2791 dedemnt,
827 2722 863 2778 ut
888 2713 1021 2791 insulas,
1048 2735 1129 2797 quae

107 2805 256 2871 barbaros
284 2807 480 2886 adiuverunt,
507 2807 590 2874 bello
614 2817 861 2894 persequeretur.
910 2829 973 2891 quo
997 2808 1128 2892 imperio

106 2899 272 2984 plerasque
295 2901 336 2965 ad
357 2901 497 2966 officium
518 2901 619 2966 redire
642 2903 758 2989 coegit,
785 2901 950 2966 nonnullas
976 2902 1009 2965 vi
1030 2923 1128 2986 expu-

107 2993 224 3078 gnavit.
266 3015 306 3059 ex
326 2994 376 3060 his
397 2994 516 3060 Parum
537 2995 672 3060 insulam
695 2994 807 3080 opibus
831 2995 943 3060 elatem
965 3016 1038 3059 cum
1059 3011 1161 3059 ora-2

107 3086 191 3150 tione
217 3087 416 3153 reconciliare
442 3112 506 3154 non
531 3099 654 3175 posset,
682 3090 788 3175 copias
811 3111 829 3153 e
849 3087 983 3153 navibus
1010 3088 1126 3165 eduxit,

106 3178 217 3244 urbem
235 3181 381 3266 operibus
400 3183 512 3248 clausit
529 3184 675 3267 omnique
692 3192 868 3248 commeatu
885 3182 1018 3268 privavit
1023 3207 1032 3260 3
1055 3181 1128 3245 dein

106 3272 206 3338 vineis
229 3296 267 3339 ac
284 3275 494 3341 testudinibus
518 3277 693 3342 constitutis
714 3277 843 3362 propius
861 3298 968 3340 muros
985 3276 1126 3340 accessit.

106 3387 179 3430 cum
200 3368 264 3431 iam
285 3368 318 3432 in
336 3391 374 3434 eo
392 3379 490 3448 esset,
513 3380 547 3434 ut
565 3371 680 3456 oppido
696 3370 861 3456 potiretur,
879 3369 987 3454 procul
1004 3369 1038 3434 in
1055 3391 1128 3433 con·
1146 3383 1160 3429 3
1187 3395 1191 3403 ·

106 3460 218 3524 tinenti
242 3461 342 3540 lucus,
370 3463 424 3546 qui
450 3486 490 3529 ex
514 3465 618 3529 insula
644 3461 905 3549 conspiciebatur,
932 3463 1038 3528 neseio
1065 3484 1127 3547 quo

107 3573 197 3630 casu,
223 3565 375 3621 nocturno
403 3565 542 3643 tempore
563 3558 710 3622 incensus
733 3565 790 3622 est.
827 3556 915 3621 cuius
941 3556 1068 3621 flamma
1092 3564 1128 3619 ut

107 3644 147 3709 ab
166 3649 328 3732 oppidanis
347 3659 378 3715 et
392 3652 660 3738 oppugnatoribus
678 3660 726 3717 est
743 3650 821 3729 visa
839 3651 979 3735 utrisque
996 3650 1081 3715 venit
1093 3649 1127 3712 in

107 3739 294 3825 opinionem,
315 3744 442 3831 signum
460 3768 479 3810 a
497 3745 664 3811 classiariis
681 3744 766 3832 regis
784 3746 901 3810 datum.
928 3767 991 3829 quo
1008 3744 1160 3821 factumt
1218 3750 1223 3759 '

106 3843 168 3911 est,
195 3843 230 3898 ut
252 3845 283 3899 et
303 3836 391 3902 Parii
413 3861 432 3903 a
454 3839 610 3905 deditione
636 3839 874 3917 deterrerentur,
902 3848 933 3904 et
953 3836 1125 3914 Miltiades,

105 3928 219 3993 timens
232 3950 273 3993 ne
287 3930 396 3997 classis
409 3933 497 4020 regia
510 3935 699 4012 adventaret,
717 3933 853 3998 incensis
872 3930 1027 4017 operibus,
1046 3952 1126 4015 quae

107 4030 265 4104 statuerat,
280 4045 353 4090 cum
365 4027 493 4092 totidem
506 4027 648 4106 navibus,
664 4037 756 4113 atque
771 4035 838 4093 erat
848 4025 1029 4111 proiectus,
1038 4024 1142 4083 ume-
