2564 4410
132 224 175 291 ‘il
466 230 650 285 [¹333OE
664 229 828 285 335³:OE

130 362 291 437 estquera
300 344 871 433 meamea-*amatunam
880 345 1056 409 afim
1063 366 1162 430 egem

131 449 336 534 inligenusm,
352 462 522 527 myrea
544 442 613 526 ipse
629 462 734 504 amam
743 439 956 515 Ptol-araneas,
972 462 1050 503 eun
1065 440 1162 503 viras

131 543 339 626 filioreguum
351 536 541 612 simmae,
559 534 1161 620 dfflnemmdapiwffim.

97 629 1163 717 aDequttmqnmamsaisffiannp-mm,mnm

132 727 332 795 commodum
357 725 565 789 noemam
585 722 990 808 paezffmllamilmu
1014 744 1048 786 er
1070 722 1163 787 Hau-

132 823 278 899 uibalem,
296 842 376 905 quos
394 842 426 884 et
447 818 545 882 animi
566 818 783 904 maffirmdiuc
804 840 836 882 ε’.
857 817 1028 882 albarae
1048 840 1161 883 manes

133 918 167 982 in
182 917 295 982 Atria
312 936 403 980 natos
420 912 615 1000 praeeitisse
632 933 765 977 consae.

419 1135 538 1201 mu
574 1133 870 1200 HAMILCAB.

101 1320 114 1365 1
185 1294 212 1357 L
239 1292 413 1367 Hamil-ear,
430 1288 621 1355 Hannilealis
639 1288 733 1364 filius,
752 1288 938 1374 cognomine
950 1288 1066 1365 Barna,
1080 1286 1163 1354 Car.

79 1468 82 1473 .
132 1386 354 1475 thaginieusis,
375 1384 477 1469 primo
494 1381 634 1446 Poenico
650 1380 748 1459 heho,
767 1381 825 1446 sed
841 1382 1037 1468 temporibus
1059 1398 1164 1448 extre-

132 1482 209 1559 mis,
231 1478 402 1544 admodum
423 1475 676 1542 acolaoenmlus
696 1476 731 1540 iu
753 1473 863 1542 Sicilia
883 1498 1032 1562 praeesse
1057 1480 1164 1563 coepit

98 1572 293 1645 sexercitui.
323 1593 397 1637 cum
417 1570 814 1636 anteeiusadveutumet
834 1571 1164 1637 mariettemunle

133 1692 185 1735 res
205 1678 389 1757 gererentur
410 1665 735 1755 Cardmginiensium,
757 1667 841 1752 ipse,
862 1666 919 1732 ubi
940 1668 1047 1745 affuit,
1070 1691 1165 1733 uum-

133 1787 231 1849 quam
251 1762 336 1829 hosti
353 1762 449 1828 cessit
465 1783 570 1846 neque
589 1760 697 1827 locum
712 1760 848 1826 nocendi
865 1761 952 1825 dedit
968 1784 1130 1848 saepeque
1145 1785 1165 1826 e

133 1857 288 1925 maaria
312 1856 479 1923 occasione
508 1855 583 1920 data
607 1854 772 1941 lacessivit
802 1876 989 1939 semperque
1019 1856 1167 1941 superior

133 1951 289 2019 discessit
324 1972 388 2035 quo
413 1949 497 2015 lacto
522 1970 595 2013 cum
619 1969 722 2034 paene
746 1948 852 2013 omnia
877 1949 911 2012 in
929 1946 1039 2013 Sicilia
1059 1948 1166 2015 Poeni

134 2049 327 2125 amisissent,
352 2046 406 2112 ille
426 2046 565 2132 Erycem
587 2045 633 2110 sic
654 2044 808 2122 defendit,
835 2054 871 2108 ut
891 2043 1010 2109 bellum
1031 2066 1071 2111 ec
1092 2045 1166 2111 loco

99 2160 116 2207 a
133 2152 259 2229 gestum
271 2162 336 2207 non
348 2140 516 2207 videretur.
533 2140 658 2205 iuterim
667 2137 947 2225 Carthaginienses
960 2139 1063 2205 classe
1076 2141 1167 2226 apud

133 2236 253 2301 insulae
270 2234 411 2321 Aegates
429 2256 450 2299 a
467 2232 506 2299 C.
519 2233 660 2311 Lutatio,
679 2232 808 2298 consule
823 2232 1049 2311 Romanorum,
1067 2256 1167 2321 aupe-

133 2328 193 2395 ruti
219 2337 393 2395 statuerunt
424 2326 499 2393 belli
524 2325 629 2392 lacere
658 2326 754 2391 linem
783 2348 917 2412 eamque
940 2349 1009 2392 rem
1034 2326 1166 2394 arbitrio

100 2444 116 2491 d
135 2424 343 2509 muniuerunt
359 2420 561 2487 Hamilcaris.
592 2420 646 2486 ille
663 2421 723 2487 etsi
744 2420 898 2508 flagrabat
918 2419 1057 2486 bellandi
1074 2423 1166 2508 eupi-

135 2518 245 2596 ditate,
267 2528 374 2583 tamcn
389 2516 461 2603 paci
479 2515 683 2581 serviundum
698 2516 830 2601 putavit,
853 2515 939 2601 qued
954 2515 1090 2602 patriam
1108 2538 1165 2581 ex-

135 2610 281 2675 haustam
295 2608 473 2697 sumptibus
482 2608 600 2675 diutius
609 2608 802 2675 calamitates
811 2609 887 2675 belli
899 2610 982 2676 ferre
989 2632 1054 2676 non
1064 2632 1165 2696 posse

136 2702 343 2793 intelligebat,
367 2702 424 2769 sed
444 2703 490 2768 ita
513 2712 550 2767 ut
571 2702 678 2769 statim
694 2713 798 2769 mente
816 2704 962 2791 agitaret,
986 2705 1015 2769 si
1029 2705 1165 2790 paulum

135 2798 302 2865 moderes
324 2807 430 2863 essent
452 2796 602 2875 refectae,
629 2795 748 2863 bellum
768 2819 919 2864 renovare
935 2797 1165 2882 Romanosque

136 2890 231 2957 amris
256 2890 416 2979 persequi,
443 2890 592 2957 donicum
617 2900 672 2956 aut
696 2892 810 2957 virtute
831 2893 982 2959 vicissent
1005 2900 1060 2956 aut
1084 2892 1164 2957 victi

101 3006 248 3053 umcuus
270 2984 439 3049 dedissent.
471 2984 532 3050 hoc
550 2985 680 3051 consilio
701 3008 813 3072 pacem
830 2988 1019 3067 conciliavit3
1040 2987 1076 3052 in
1097 3009 1162 3073 quo

136 3088 223 3145 tauta
243 3078 304 3145 suit
320 3077 451 3156 ferocia,
475 3098 548 3143 cum
566 3077 699 3145 Catulus
717 3091 848 3167 negaret
869 3081 987 3147 bellum
1004 3081 1162 3168 composi-

135 3184 254 3253 turum,
281 3173 343 3239 nisi
364 3172 417 3239 ille
434 3194 506 3239 cum
529 3173 609 3252 suis,
632 3174 687 3259 qui
703 3174 841 3261 Erycem
858 3184 1038 3255 tenuerunt,
1065 3176 1161 3241 armis

135 3268 250 3335 relictis
270 3266 379 3337 Sicilia
395 3266 590 3347 decederent,
608 3277 644 3333 ut
663 3268 886 3336 succumbente
903 3270 1004 3358 patria
1020 3270 1091 3357 ipse
1106 3291 1162 3356 pe-

135 3360 269 3427 riturum
287 3384 322 3429 sc
338 3361 443 3449 potius
458 3362 580 3440 dixerit,
599 3383 694 3446 quam
708 3385 780 3428 cum
797 3373 885 3431 tanto
899 3364 1018 3451 flagitio
1031 3365 1162 3430 domum

103 3480 118 3525 u
137 3456 259 3521 rediret.
287 3456 446 3523 nonenim
461 3478 537 3523 suae
551 3478 622 3523 esec
635 3457 767 3538 virtutis,
787 3483 874 3526 arma
887 3484 906 3526 a
918 3461 1020 3546 patria
1032 3466 1161 3545 accepta

136 3550 287 3617 tulvorsus
304 3550 410 3618 hostes
429 3552 617 3618 adversariis
631 3552 761 3619 tradere.
783 3554 877 3621 huius
890 3554 1080 3641 pertinaciae
1092 3575 1160 3621 ces-

137 3644 177 3711 sit
196 3640 371 3731 [Catulus].

103 3760 114 3809 1
186 3740 231 3807 ll.
259 3736 305 3805 At
322 3738 384 3816 illc,
402 3750 438 3804 ut
457 3739 681 3828 Carthaginem
698 3744 792 3822 veuit,
811 3743 909 3811 multo
927 3743 1018 3810 aliter
1034 3765 1072 3810 ac
1089 3764 1160 3829 spe-

135 3842 218 3901 rumt
239 3854 305 3899 rem
327 3831 485 3919 publicam
509 3856 543 3901 sc
564 3834 732 3903 habentem
755 3837 910 3925 cognovit
937 3859 1074 3924 namque
1092 3837 1160 3905 diu·

136 3927 282 3995 turnitate
304 3926 425 3993 cxtcrni
446 3927 521 3993 muli
543 3938 664 3995 tantum
685 3932 802 3999 exarsit
822 3931 1005 3999 intestinum
1031 3931 1158 4007 bellum,

134 4026 171 4087 ‘at
183 4042 355 4107 numquam
367 4020 436 4109 puri
453 4020 591 4109 periculo
604 4022 698 4091 fuerit
708 4024 877 4112 Carthago,
896 4026 959 4092 uisi
971 4048 1043 4093 cum
1057 4024 1160 4093 deleta
