2564 4410
513 279 736 337 Punrarrnns
1096 268 1139 335 55

117 402 276 470 Cadmeae
292 397 493 483 occupandae
505 397 619 483 partim
632 396 819 475 occiderunt,
838 396 950 482 partim
964 397 1137 464 inexilium

116 499 281 563 eiecerunt.

166 588 224 654 lV.
252 587 326 652 Hoc
345 595 409 650 tam
427 584 552 649 turbido
569 593 723 669 tempore,
748 584 828 648 sicut
850 607 945 671 supra
962 585 1135 664 docuimus,
1157 608 1168 652 1

115 683 365 768 Epaminondas,
394 679 499 764 quoad
521 701 593 742 cum
615 678 736 744 civibus
758 678 940 751 dimicatum
963 688 1024 758 est,
1051 681 1137 745 domi
1240 718 1244 725 ·

114 777 237 860 quietus
255 775 324 838 fuit.
350 775 455 856 itaque
472 772 550 836 hacc
567 771 797 836 liberandarum
814 771 994 837 Thebarum
1011 775 1137 860 propria

113 870 183 934 laus
207 877 254 934 est
271 867 455 952 Pelopidae3
484 874 604 931 ceterae
627 866 693 930 fere
713 888 894 931 communes
917 888 988 930 cum
1005 866 1136 951 Epami-

114 963 228 1028 nonda.
255 983 390 1044 namque
404 960 575 1025 Leuctrica
590 982 698 1046 pugna
715 959 901 1044 imperatore
914 959 1136 1045 Epaminonda
1153 981 1168 1028 2

112 1056 166 1121 hic
182 1055 242 1119 fuit
259 1056 324 1119 dux
341 1054 480 1118 delectae
498 1076 624 1130 manua,
644 1074 724 1136 quae
740 1053 841 1137 prima
857 1053 1046 1140 phalangem
1064 1076 1136 1139 pro-

112 1150 222 1214 stravit
230 1150 405 1213 Laconum.
434 1147 578 1212 omnibus
595 1157 756 1232 praeterea
772 1147 917 1231 periculis
933 1149 1031 1212 affuit.
1055 1150 1135 1214 sicut
1153 1170 1168 1218 3

112 1241 263 1328 Spartam
286 1264 358 1307 oum
380 1241 588 1328 oppugnavit,
612 1241 745 1305 alterum
762 1241 861 1305 tenuit
878 1263 987 1319 cornu,
1011 1264 1135 1325 quoque

111 1337 263 1402 Messena
281 1336 411 1401 celerius
429 1336 654 1412 restitueretur,
672 1335 795 1420 legatus
813 1335 847 1399 in
863 1335 979 1401 Persas
999 1345 1047 1401 est
1063 1359 1136 1420 pro-

111 1431 224 1497 fectus.
252 1431 385 1515 denique
398 1430 476 1495 hacc
489 1429 549 1494 fuit
563 1430 659 1494 altera
671 1451 806 1514 persona
816 1428 944 1509 Thebis,
960 1431 1017 1494 sed
1029 1440 1134 1495 tamen

112 1526 251 1591 secunda
268 1525 320 1602 ita,
339 1534 375 1589 ut
391 1523 534 1609 proxima
552 1533 636 1589 esset
652 1523 901 1608 Epaminondae.

162 1621 204 1686 V.
233 1618 439 1686 Conflictatus
462 1627 567 1683 autem
585 1627 633 1682 est
655 1640 728 1681 cum
745 1619 878 1682 adversa
899 1619 1033 1684 fortuna.
1060 1643 1134 1684 nam
1153 1643 1165 1690 1
1267 1622 1270 1627 ’

110 1725 143 1780 et
164 1714 266 1790 initio,
294 1713 375 1777 sicut
397 1711 605 1789 ostendimus,
633 1713 706 1776 exul
731 1712 832 1796 patria
854 1714 966 1790 caruit,
994 1724 1037 1791 et,
1062 1737 1132 1780 cum

111 1807 310 1873 Thessaliam
332 1808 365 1872 in
387 1816 574 1892 potestatem
596 1806 819 1883 Thebanorum
842 1817 968 1892 cuperet
992 1809 1133 1893 redigere
1205 1892 1208 1897 θ

107 1902 338 1990 legationisque
356 1901 422 1965 iure
441 1900 516 1966 satis
536 1910 652 1966 tectum
671 1923 705 1966 se
719 1900 927 1979 arbitraretur,
947 1902 1032 1985 quod
1049 1902 1134 1987 apud

108 2019 220 2062 omnes
243 2006 354 2082 gentes
378 2006 521 2060 sanetum
544 2018 614 2060 esse
637 2003 833 2073 consuesset,
861 2019 880 2059 a
903 2004 1033 2080 tyranno
1056 1994 1134 2060 Alo-

107 2091 230 2155 xandro
238 2090 381 2154 Pheraeo
400 2089 494 2154 simul
512 2112 583 2153 cum
596 2088 736 2153 Ismenia
753 2089 997 2175 comprehensus
1015 2089 1048 2153 in
1064 2089 1134 2154 vin-

105 2184 160 2250 cla
183 2185 340 2249 coniectus
365 2194 426 2249 est.
459 2184 541 2248 hunc
563 2184 801 2270 Epaminondas
828 2185 1023 2270 recuperavit
1049 2183 1166 2251 belloa

107 2300 301 2364 persequens
315 2277 541 2344 Alexandrum.
568 2289 640 2364 post
657 2279 690 2343 id
703 2279 821 2343 factum
839 2301 1011 2362 numquam
1029 2279 1132 2342 animo

107 2372 226 2458 placari
243 2373 344 2457 potuit
360 2373 394 2436 in
412 2380 493 2449 euin,
512 2393 611 2455 aquo
630 2382 696 2436 erat
712 2372 855 2437 violatus.
882 2373 987 2455 itaque
1004 2394 1133 2457 persua-

103 2465 151 2531 sit
160 2465 329 2543 Thebanis,
349 2475 383 2529 ut
398 2464 538 2530 subsidio
547 2465 730 2530 Thessaliae
742 2465 1011 2550 proficiscerentur
1028 2474 1132 2550 tyran-

106 2581 230 2643 nosque
249 2559 316 2623 eius
336 2559 533 2645 expellerent.
566 2559 655 2623 cuius
673 2558 748 2624 belli
766 2558 886 2624 cumei
908 2581 1031 2623 summa
1048 2568 1131 2624 esset
1145 2579 1164 2626 ¹3

106 2653 195 2731 data,
220 2675 319 2736 eoque
338 2675 410 2717 cum
428 2653 567 2717 exercitu
587 2652 748 2738 profectus
767 2662 864 2732 esset,
887 2676 951 2718 non
967 2652 1130 2730 dubitavit,

108 2745 202 2811 simul
221 2768 258 2810 ac
272 2746 435 2832 conspexit
452 2746 584 2824 hostem,
604 2747 780 2833 confligere.
807 2747 911 2830 inquo
928 2746 1045 2832 proeho
1053 2744 1131 2811 Ale-
1147 2764 1165 2812 4

106 2841 264 2905 xandrum
276 2850 313 2904 ut
330 2841 556 2918 animadvertit,
574 2841 720 2905 incensus
738 2841 785 2905 ira
799 2862 913 2923 equum
926 2840 960 2903 in
973 2862 1045 2906 eum
1058 2841 1131 2905 c'on-

105 2935 215 2998 citavit
237 2936 409 3019 proculque
432 2935 593 3021 digressus
612 2958 632 2999 a
650 2934 715 2998 suis
739 2934 881 3000 coniectu
902 2934 1035 2998 telorum
1058 2957 1131 2999 con.

106 3028 215 3092 fossus
234 3028 379 3092 concidit.
411 3037 504 3112 atque
521 3027 583 3092 hoo
601 3027 740 3093 secunda
756 3027 886 3092 victoria
903 3028 1029 3092 accidit:
1056 3051 1129 3092 nam

106 3122 171 3186 iam
189 3121 353 3187 inchnatae
368 3133 455 3187 erant
478 3132 680 3207 tyrannorum
698 3122 815 3207 copiae.
843 3143 905 3205 quo
923 3122 1007 3186 facto
1020 3144 1128 3186 omnes
1148 3143 1163 3188 s

108 3215 292 3280 Thessaliae
311 3215 452 3280 civitates
471 3215 669 3281 interfectum
682 3214 868 3300 Pelopidam
886 3216 1008 3280 coronis
1027 3214 1129 3279 aureis
1258 3206 1277 3219 '¹

107 3320 139 3372 et
158 3310 268 3374 statuis
288 3308 393 3374 aeneis
411 3309 588 3394 liberosque
607 3309 673 3374 eius
692 3309 790 3374 multo
807 3331 884 3396 agro
902 3310 1064 3374 donarunt.

384 3529 498 3596 XVII.
534 3528 851 3597 AGESILAUS.

159 3681 185 3746 l.
214 3680 664 3767 AgesilausLacedaemonius
680 3706 752 3748 cum
766 3707 785 3749 a
798 3684 908 3749 ceteris
927 3684 1127 3770 scriptoribus
1148 3703 1160 3749 1

107 3787 175 3840 tum
198 3775 311 3840 eximie
333 3800 353 3841 a
368 3776 584 3863 Xenophonte
603 3776 764 3844 Socratico
787 3778 980 3847 collaudatus
1003 3789 1064 3842 est:
1091 3799 1127 3842 eo

108 3871 191 3934 enirn
210 3892 286 3934 usus
310 3878 359 3933 est
374 3870 626 3937 familiarissime.
657 3873 709 3937 hic
726 3872 862 3957 primum
880 3873 919 3937 de
940 3894 1038 3958 regno
1056 3893 1128 3937 cum
1146 3892 1161 3938 a

107 3962 318 4050 Leotychide,
344 3963 447 4030 fratris
469 3966 548 4043 filio,
575 3964 685 4030 habuit
712 3967 949 4031 contentionem.
984 3987 1053 4030 mos
1080 3974 1129 4030 est
1225 3970 1231 3977 ’

61 4102 64 4107 -
105 4057 190 4122 enim
208 4081 227 4122 a
244 4056 416 4124 maioribus
432 4059 694 4126 Lacedaemoniis
713 4060 865 4138 traditus,
883 4066 924 4122 ut
938 4058 1144 4122 duoshstae-
