2564 4410
470 250 524 305 DE
538 249 715 307 REGIBUS.
1064 240 1109 305 73
1218 252 1223 261 '

80 392 205 448 xerxes,
224 367 405 435 Macrochir
429 362 584 453 [quoque]
603 375 635 431 et
651 363 814 430 Mnemon.
845 364 951 431 Xerxi
972 367 1108 433 maxime

82 474 132 530 est
148 464 277 542 illustre,
295 462 382 548 quod
398 460 544 525 maximis
561 468 634 545 post
647 458 810 524 hominum
823 460 1006 526 memoriam
1019 484 1108 528 exer-

82 558 196 625 citibus
213 569 296 624 terra
308 556 449 640 marique
462 554 580 621 bellum
592 553 697 619 intth
706 550 868 620 Graeciae.
888 566 920 619 at
928 554 1108 621 Macrochir
1124 578 1143 624 4

80 649 516 740 praecipuamhabetlaudem
525 648 736 735 amplissimae
744 648 1108 734 pulcherrimaequecor-
1220 682 1233 733 .'

80 747 167 834 poris
185 747 314 824 formae,
333 766 428 830 quam
445 741 620 809 incredibili
637 743 760 807 ornavit
776 742 890 808 virtute
908 742 996 808 belli:
1018 767 1108 809 nam-
1150 767 1153 773 ·

81 862 145 925 que
165 840 219 905 illo
235 838 351 905 Perses
373 859 466 903 nemo
483 860 580 902 manu
602 836 662 901 fuit
684 836 803 902 fortior.
830 835 985 927 Mnemon
1002 847 1108 904 autem
1173 924 1176 929 .
1215 910 1220 919 ¹

81 934 218 999 iustitiae
235 933 321 998 sama
342 931 456 998 floruit.
483 954 558 996 nam
580 953 652 995 cum
669 929 872 996 matrissuae
895 930 1012 996 scelere
1030 932 1108 996 ami-
1148 972 1152 980 -

83 1029 177 1093 sisset
193 1050 333 1106 uxorem,
353 1035 474 1092 tantum
491 1024 622 1090 indulsit
639 1023 752 1103 dolori,
777 1033 812 1089 ut
830 1046 903 1090 eum
919 1025 1021 1112 pietas
1039 1026 1108 1090 vin-

83 1131 175 1187 ceret.
202 1143 243 1187 ex
260 1122 309 1186 his
328 1121 391 1186 duo
409 1120 522 1186 eodem
542 1118 669 1184 nomine
687 1118 797 1183 morbo
819 1127 948 1184 naturae
966 1118 1108 1185 debitum
1126 1142 1143 1189 5

82 1216 297 1293 reddiderunt3
324 1214 433 1279 tertius
459 1210 499 1278 ab
525 1211 690 1278 Artabano
715 1211 875 1298 praefecto
900 1212 984 1279 ferro
1013 1215 1108 1280 inter-

83 1319 207 1394 emptus
225 1319 283 1374 est.

134 1402 178 1467 H.
212 1402 266 1466 Ex
283 1402 497 1468 Macedonum
524 1411 630 1467 autem
656 1409 750 1487 gente
778 1400 841 1466 duo
864 1401 963 1467 mrrlto
986 1410 1105 1467 ceteros
1126 1425 1139 1470 1

82 1506 316 1562 antecesserunt
331 1517 437 1560 rerum
453 1504 614 1581 gestarum
631 1494 740 1580 gloria,
755 1493 932 1581 Philippus,
945 1493 1107 1582 Amyntae

81 1589 176 1667 filius,
195 1598 226 1654 et
233 1588 416 1654 Alexander
423 1587 574 1674 Magnus.
601 1587 714 1652 horum
732 1588 810 1653 alter
818 1587 982 1674 Babylone
996 1589 1107 1655 morbo
1186 1606 1191 1615 ·

82 1691 289 1768 consumptus
307 1690 369 1761 est3
390 1681 559 1768 Philippus
576 1679 690 1769 Aegis
709 1704 728 1745 a
747 1680 921 1761 Pausania,
945 1705 1018 1748 cum
1036 1706 1107 1768 spe·
1133 1740 1136 1747 .

81 1785 200 1841 etatum
217 1775 309 1841 ludos
326 1776 400 1854 iret,
418 1775 508 1840 iuxta
523 1774 681 1840 theatrum
698 1775 822 1839 occisus
840 1784 897 1840 est.
929 1798 1011 1841 unus
1028 1775 1107 1862 Epi·
1125 1797 1142 1844 2

80 1880 175 1950 rotes,
191 1869 344 1957 Pyrrhus,
362 1871 418 1956 qui
435 1893 508 1936 oum
524 1869 643 1967 populp
661 1869 807 1939 Romano
825 1868 961 1935 bellavit.
988 1871 1016 1935 is
1035 1891 1108 1936 oum

80 1963 188 2052 Argos
207 1965 359 2051 oppidum
380 1974 576 2051 oppugnaret
595 1964 630 2028 in
647 1962 879 2050 Peloponneso,
902 1963 1008 2050 lapido
1023 1964 1105 2029 ictus

80 2057 205 2123 interiit.
233 2080 316 2122 unus
329 2059 406 2123 item
416 2056 553 2136 Siculus,
572 2057 749 2143 Dionysius
762 2058 856 2144 prior.
879 2080 954 2122 nam
972 2067 1108 2123 etmanu

80 2151 171 2216 fortis
185 2161 216 2216 et
228 2150 304 2217 belli
315 2152 434 2238 peritus
452 2151 521 2230 fuit,
540 2160 580 2230 et,
598 2152 632 2216 id
645 2152 730 2237 quod
742 2152 776 2217 in
787 2162 920 2238 tyranno
932 2175 997 2219 non
1014 2153 1107 2219 facile

79 2245 241 2331 reperitur,
260 2246 387 2311 minime
404 2244 600 2325 libidinosus,
617 2268 682 2311 non
697 2246 887 2326 luxuriosus,
904 2269 969 2312 non
981 2270 1106 2326 avarus,
1155 2335 1157 2338 y
1178 2252 1181 2257 '
1259 2274 1262 2279 ·

79 2339 196 2405 nullius
223 2340 356 2425 denique
387 2340 434 2406 rei
460 2340 593 2426 cupidus
619 2340 682 2406 nisi
708 2340 875 2427 singularis
900 2342 1105 2427 perpetuique

78 2436 202 2522 imperii
219 2435 260 2502 ob
275 2456 406 2520 eamque
423 2457 491 2502 rem
503 2434 648 2501 crudelis.
675 2458 749 2500 narn
764 2436 839 2500 dum
852 2434 886 2499 id
903 2435 1024 2500 studuit
1036 2458 1106 2500 mu-

79 2530 156 2609 nire,
170 2530 287 2595 nullius
300 2530 440 2616 pepercit
453 2530 545 2608 vitae,
560 2551 655 2614 quem
664 2529 731 2595 eius
743 2528 958 2595 insidiatorem
970 2540 1103 2616 putaret.

78 2622 131 2688 hic
144 2645 216 2689 cum
229 2624 342 2688 virtute
359 2624 557 2710 tyrannidem
571 2622 631 2688 sibi
647 2623 831 2712 peperisset,
849 2647 966 2710 magna
977 2623 1105 2690 retinuit
1123 2644 1140 2690 s

78 2717 242 2797 felicitate3
259 2719 359 2785 maior
376 2720 461 2785 enim
478 2741 577 2785 annos
597 2720 765 2806 sexaginta
784 2729 877 2786 natus
896 2719 1032 2785 decessit
1048 2719 1106 2784 flo-

78 2821 166 2876 rente
180 2834 290 2900 regno,
308 2835 409 2898 neque
426 2815 460 2877 in
474 2823 539 2878 tam
555 2813 662 2878 multis
676 2814 767 2880 annis
785 2814 972 2897 cuiusquam
987 2835 1027 2878 ex
1045 2834 1105 2878 sua

80 2904 177 2991 stirpe
194 2905 290 2972 sunus
308 2907 396 2985 vidit,
415 2928 489 2972 curn
506 2928 546 2971 ex
563 2905 663 2971 tribus
676 2905 828 2972 uxoribus
844 2905 961 2973 liberos
979 2928 1105 2993 procre-

79 3008 165 3065 asset
181 3001 333 3085 multique
351 3001 380 3066 ei
397 3002 463 3066 nati
480 3011 586 3067 essent
602 3011 741 3086 nepotes.

131 3093 192 3158 111.
220 3094 362 3161 Fuerunt
378 3105 540 3181 praeterea
556 3095 665 3181 magni
680 3117 773 3182 reges
787 3117 827 3161 ex
845 3095 953 3161 amicis
963 3094 1103 3160 Alexan-
1122 3116 1135 3162 1
1211 3092 1215 3101 ’

79 3187 127 3252 dri
143 3187 267 3277 Magni,
287 3189 342 3273 qui
358 3199 430 3275 post
447 3188 570 3255 obitum
588 3189 655 3255 eius
672 3189 805 3276 imperia
822 3197 984 3275 ceperunt,
1003 3190 1036 3253 in
1052 3188 1103 3253 his

56 3294 59 3299 '
77 3282 260 3368 Antigonus
279 3293 310 3349 et
326 3283 421 3349 huius
438 3284 521 3348 filius
538 3284 731 3362 Demetrius,
749 3282 972 3370 Lysimachus,
993 3279 1104 3348 Seleu-

12 3434 30 3455 ,
78 3398 145 3453 cus,
163 3375 375 3443 Ptolemaeus.
402 3400 443 3443 ex
455 3378 505 3443 his
513 3377 695 3467 Antigonus
713 3378 746 3442 in
758 3378 886 3464 proelio,
905 3399 977 3442 cnm
991 3377 1102 3442 adver·
1120 3396 1137 3444 2

78 3492 132 3535 sus
143 3468 314 3537 Seleucum
331 3481 363 3537 et
371 3472 602 3559 Lysimachum
619 3472 790 3550 dimicaret,
809 3472 932 3538 occisus
952 3481 1009 3537 est.
1032 3471 1102 3558 pari

77 3562 141 3629 leto
158 3564 289 3632 affectus
313 3576 361 3631 est
377 3566 592 3653 Lysimachus
613 3566 654 3633 ab
673 3564 817 3634 Seleuco.
843 3586 979 3650 namque
1003 3565 1102 3631 socie-

76 3667 141 3723 tate
163 3659 318 3726 dissoluta
343 3660 461 3726 bellum
486 3660 568 3727 inter
590 3683 625 3727 se
646 3670 821 3749 gesserunt.
856 3669 889 3725 at
905 3659 1099 3736 Demetrius,
1119 3676 1136 3724 3

76 3775 149 3819 cum
165 3754 264 3820 filiam
282 3777 373 3822 suam
392 3753 527 3823 Seleuco
542 3755 578 3820 in
593 3755 827 3821 matrimonium
843 3755 982 3820 dedisset
998 3774 1101 3837 neque

76 3869 113 3914 eo
131 3849 235 3935 magis
253 3848 317 3915 fida
333 3849 413 3916 inter
430 3872 485 3917 eos
507 3849 644 3915 amicitia
659 3871 786 3916 manere
802 3850 970 3937 potuisset,
989 3856 1100 3933 captus
1154 3881 1158 3887 ·

74 3941 158 4009 bello
179 3944 214 4009 in
237 3944 380 4010 custodia
396 3967 486 4011 socer
506 3943 614 4031 generi
635 3943 728 4030 periit
744 3967 765 4010 a
781 3943 899 4009 morbo.
930 3962 1033 4026 neque
1055 3940 1136 4007 itas

73 4037 173 4104 multo
190 4048 263 4125 post
273 4036 427 4106 Seleucus
445 4037 654 4107 aPtolemaeo
665 4036 810 4105 Cerauno
828 4036 900 4102 dolo
917 4034 1105 4102 interfectus
