2564 4410
520 266 732 328 usuuman.
798 238 801 243 ’
1102 258 1143 322 77

90 398 93 403 ’
112 407 210 470 quare
232 385 260 450 si
281 384 359 469 quid
380 383 480 450 amice
503 383 543 450 de
565 383 717 451 Romanis
740 383 908 470 cogitabis,
935 406 999 450 non
1024 385 1176 472 impru-c

112 481 223 546 denter
239 479 362 557 feceris,
382 479 411 544 si
427 501 479 544 me
498 478 608 544 celaris
613 503 623 557 3
642 499 714 542 cum
728 478 856 563 quidem
873 477 991 544 bellum
1004 479 1140 566 parabis,

112 575 262 661 teipsum
275 571 489 650 frustraberis,
509 573 536 638 si
545 594 610 637 non
622 592 673 637 me
686 573 719 636 in
732 594 770 638 eo
783 572 957 659 principem
965 575 1139 660 posueris.“
1217 642 1220 647 ,

163 667 227 733 HL
253 667 327 733 Hac
342 667 448 754 igitur,
467 688 531 752 qua
548 665 696 744 diximus,
714 675 816 730 aetate
834 688 907 733 cum
924 676 1012 753 patre
1029 668 1063 731 in
1080 666 1141 731 Hi·
1161 688 1173 733 1

113 762 257 848 spaniam
273 761 433 849 profectus
452 770 509 839 est,
529 761 618 827 euius
635 769 708 846 post
724 759 845 825 obitum
862 760 1065 826 Hasdrubale
1083 763 1142 842 im·

112 865 256 942 peratore
273 855 407 921 suffecto
425 855 576 939 equitatui
593 854 678 922 omni
699 854 845 940 praefuit.
872 854 933 920 hcc
948 876 1076 939 quoque
1094 856 1141 920 in-
1211 934 1214 939 Ι

113 949 245 1016 terfecto
271 951 425 1016 exercitus
452 972 609 1015 summam
633 948 757 1034 imperii
783 949 823 1014 ad
850 970 922 1014 eum
949 949 1068 1014 detulit.
1107 948 1142 1013 id

115 1042 341 1132 Carthaginem
359 1044 498 1109 delatum
513 1042 640 1129 publice
658 1042 895 1128 comprobatum
913 1052 970 1108 cst
995 1042 1140 1119 sicHan-
1159 1063 1173 1109 a

113 1138 217 1217 nibal,
244 1139 348 1205 minor
373 1139 512 1223 quinque
538 1147 569 1202 et
594 1137 707 1223 viginti
737 1138 826 1203 annis
852 1146 945 1203 natus
971 1138 1141 1225 imperator
1250 1142 1255 1147 '

112 1233 231 1311 factus,
258 1232 401 1318 proximo
428 1231 560 1297 triennio
586 1252 695 1296 omnes
722 1240 832 1317 gentes
855 1230 1030 1316 Hispaniae
1056 1230 1140 1296 bello
1175 1306 1178 1311 ³
1223 1310 1224 1314 Ἰ

113 1325 254 1413 subegit3
273 1323 465 1414 Saguntum,
484 1326 678 1391 foederatam
695 1325 862 1402 civitatem,
881 1325 914 1389 vi
932 1325 1124 1412 expugnavit
1130 1349 1138 1402 ;

112 1432 177 1485 tres
195 1420 349 1486 exercitus
368 1421 522 1486 maximos
536 1420 738 1506 comparavit.
767 1441 807 1484 ex
824 1419 874 1489 his
891 1443 990 1484 unum
1008 1420 1041 1482 in
1051 1417 1140 1482 Afri·
1157 1440 1172 1486 3

112 1535 184 1579 cam
209 1514 309 1591 misit,
337 1514 470 1577 alterum
496 1535 569 1578 cum
585 1512 787 1579 Hasdrubale
813 1513 909 1579 fratre
930 1514 964 1577 in
981 1511 1140 1598 Hispania

110 1607 251 1691 reliquit,
278 1607 403 1671 tertium
427 1606 462 1671 in
483 1607 608 1671 Italiam
635 1628 743 1672 secum
769 1606 868 1672 duxit.
904 1608 1019 1673 saltum
1040 1606 1140 1692 Pyre·

110 1722 228 1766 naeum
241 1700 371 1766 transiit
399 1722 595 1785 quacumque
608 1701 667 1765 iter
679 1699 763 1778 feeit,
784 1723 856 1766 cum
869 1700 1013 1767 omnibus
1027 1701 1138 1767 incolis

111 1794 266 1872 conflixit3
289 1794 445 1859 neminem
467 1793 529 1859 nisi
545 1795 664 1859 victum
682 1794 809 1858 dimisit
831 1791 873 1855 ad
890 1793 992 1879 Alpes
1014 1803 1173 1879 posteat

111 1912 208 1974 quam
226 1889 320 1968 venit,
339 1911 420 1974 quae
433 1889 558 1954 Italiam
576 1888 616 1954 ab
631 1886 734 1955 Gallia
752 1889 930 1975 seiungunt,
949 1910 1028 1973 quas
1045 1911 1138 1954 nemo

110 1998 263 2069 umquam
276 2006 348 2050 cum
362 1985 500 2050 exercitu
513 1995 585 2050 ante
598 2008 672 2050 eum
688 1994 812 2070 praeter
823 1984 996 2050 Herculem
1006 1981 1138 2050 Graium

111 2079 277 2144 transierat
298 2077 376 2162 (quo
401 2079 486 2144 facto
508 2080 535 2145 is
561 2079 655 2144 hodie
678 2079 776 2144 saltus
800 2075 916 2145 Graius
939 2077 1136 2165 appellatur),

110 2171 244 2258 Alpicos
262 2182 410 2238 conantes
431 2172 596 2259 prohibere
614 2174 746 2239 transitu
764 2173 908 2252 concidit,
931 2173 1001 2239 loca
1017 2172 1138 2259 patefe-

112 2267 172 2344 cit,-
197 2267 308 2332 itinera
330 2267 456 2346 muniit,
484 2267 589 2333 effecit
614 2277 650 2332 ut
676 2290 714 2333 ea
736 2266 919 2354 elephantus
942 2276 1069 2332 ornatus
1092 2268 1137 2331 ire

110 2371 232 2446 posset,
256 2383 319 2445 qua
336 2371 428 2427 antea
446 2383 527 2426 unus
544 2361 640 2427 homo
661 2362 789 2427 inermis
807 2363 862 2426 vix
878 2371 1000 2448 poterat
1017 2382 1135 2446 repere.

110 2455 171 2520 hac
189 2455 295 2541 copias
313 2456 452 2520 traduxit
467 2456 502 2519 in
518 2455 706 2540 Italiamque
723 2456 874 2542 pervenit

162 2547 220 2615 IV.
249 2548 442 2615 Conflixerat
460 2550 545 2636 apud
561 2550 752 2616 Rhodanum
770 2572 843 2615 cum
859 2548 897 2614 P.
909 2547 1055 2616 Cornelio
1067 2547 1136 2615 Sci·
1156 2568 1167 2612 r

108 2644 203 2731 pione
217 2644 345 2710 conside
359 2666 493 2729 eumque
505 2645 677 2732 pepulerat.
706 2667 777 2710 cum
794 2644 855 2710 hoo
867 2645 978 2710 eodem
992 2642 1137 2710 Clastidii

109 2739 196 2824 apud
203 2737 328 2804 Padum
341 2738 479 2804 decernit
493 2740 695 2823 sauciumque
708 2739 782 2804 inde
795 2761 832 2805 ac
845 2739 991 2826 fugatum
999 2738 1135 2803 dimittit.

109 2831 201 2897 tertio
217 2832 302 2897 idem
320 2830 429 2919 Scipio
446 2855 520 2898 cum
542 2833 664 2919 collega
681 2832 809 2898 Tiberio
825 2834 942 2919 Longo
959 2831 1045 2917 apud
1057 2831 1135 2897 Tre·
1152 2849 1167 2895 2

108 2925 196 2991 biam
221 2926 373 2992 adversus
404 2948 477 2992 eum
503 2927 598 2992 venit.
635 2949 707 2991 cum
737 2927 787 2992 his
813 2949 942 2992 manum
967 2926 1133 3004 conseruit,

108 3029 258 3104 utrosque
270 3021 457 3108 profligavit.
485 3021 558 3086 inde
571 3044 628 3108 per
634 3021 773 3108 Ligures
784 3020 988 3108 Apenninum
1002 3014 1142 3097 transiit,¹

108 3123 219 3199 petens
236 3114 406 3180 Eum-iam.
442 3114 503 3180 hoc
523 3114 633 3181 itinere
655 3117 734 3182 adeo
756 3116 845 3203 gravi
866 3114 976 3180 morbo
999 3114 1134 3179 afficitur
1152 3133 1166 3179 3

108 3207 280 3287 oculorum,
298 3218 333 3273 ut
346 3218 458 3294 postea
470 3231 643 3294 numquam
656 3210 766 3275 dextro
780 3231 880 3293 aeque
896 3207 976 3274 bene
989 3227 1067 3272 usus
1082 3207 1132 3272 sit.

108 3323 172 3385 qua
189 3302 368 3367 valetudine
386 3324 459 3368 cum
476 3302 654 3368 etiamnunc
671 3313 865 3390 premeretur
881 3301 1053 3386 lecticaque
1070 3300 1134 3366 fer-

107 3403 209 3473 retur,
234 3395 273 3462 C.
295 3396 486 3463 Flaminium
512 3398 673 3464 consulem
703 3397 789 3484 apud
804 3395 1035 3462 'Trasimenum
1060 3417 1132 3461 curn

109 3488 248 3554 exercitu
269 3490 391 3556 insidiis
414 3491 661 3558 circumventum
677 3492 804 3569 occidit,
824 3510 927 3574 neque
944 3490 1043 3555 multo
1059 3499 1132 3575 post

109 3581 148 3648 O.
169 3581 357 3651 Centenium
379 3596 555 3672 praetorem
572 3609 644 3652 oum
666 3586 786 3652 delecta
808 3607 905 3650 manu
923 3585 1020 3651 saltus
1039 3605 1132 3650 occu-

106 3687 243 3762 pantem.
270 3679 343 3745 hinc
359 3676 552 3766 inApuliam
564 3682 715 3768 pervenit.
741 3680 786 3746 ibi
799 3678 925 3746 obviam
938 3679 967 3744 ei
979 3686 1131 3744 venerunt
1149 3697 1166 3743 4

106 3772 170 3838 duo
196 3773 356 3853 consules,
384 3774 424 3841 C.
447 3773 613 3840 Terentius
640 3784 672 3840 et
696 3776 739 3840 L.
761 3773 929 3840 Aemilius.
968 3771 1130 3854 utriusque
1214 3790 1217 3794 ·
1245 3806 1248 3811 ·

106 3868 263 3933 exercitus
288 3891 352 3934 uno
377 3870 496 3956 proelio
518 3870 654 3957 fugavit,
676 3869 813 3935 Paulum
835 3867 997 3935 consulem
1018 3865 1131 3931 occidit

106 3970 138 4026 et
150 3961 270 4046 aliquot
285 3972 448 4048 praeterea
460 3964 650 4043 consulares,
664 3964 698 4029 in
710 3963 760 4030 his
771 3961 940 4031 Servilium
949 3957 1129 4038 Geminum,

105 4056 160 4140 qni
179 4056 339 4144 superiore
357 4080 438 4125 anno
456 4059 558 4127 fuerat
575 4059 695 4126 consul.
