2564 4410
41 266 46 273 ,
153 192 195 258 86
486 198 671 257 coeuunn
683 198 846 257 usnorrs

152 318 290 395 tulisset,
313 337 393 400 quae
416 314 614 399 antiquitate,
637 312 831 381 humanitate
858 315 1061 400 doctrinaque
1087 337 1184 402 prae·

154 422 250 478 staret
267 432 386 487 omnes,
404 430 486 474 unus
505 407 534 473 ei
551 406 612 473 fuit
629 407 820 475 carissimus.

120 531 140 577 1.
204 504 263 571 IV.
290 503 366 569 Huc
384 488 790 568 exfflulffiffi
809 524 882 568 cum
899 503 1047 582 venisset,
1066 525 1178 588 quam·

152 600 209 665 diu
225 597 270 664 ibi
286 597 357 675 fuit,
376 618 483 663 secum
500 594 611 662 habuit
627 594 849 682 Pomponium,
868 607 978 684 captus
996 597 1180 663 adolescen-

150 694 192 761 tis
207 702 238 758 et
251 691 444 757 humanitate
458 698 490 756 et
508 690 658 757 doctrina.
685 690 732 756 sic
745 691 829 757 enim
843 688 966 758 Graece
979 689 1177 776 loquebatur,

151 796 189 852 ut
209 785 346 851 Athenis
372 794 465 850 natus
485 784 658 850 uideretur.
699 793 786 851 tanta
811 794 916 851 autem
943 785 1083 850 suavitas
1110 796 1179 849 erat

153 879 306 947 sermonis
323 878 446 958 Latini,
473 886 509 942 ut
534 888 710 964 appareret,
736 878 770 943 in
796 901 834 945 eo
855 879 997 945 nativum
1018 879 1178 963 quendam

152 975 292 1062 leporem
314 996 398 1051 esse,
421 996 485 1039 non
507 973 650 1040 ascitum.
681 973 766 1039 idem
786 983 932 1059 poemata
956 971 1178 1060 pronuntiabat

118 1095 134 1142 a
153 1080 185 1136 et
203 1067 325 1137 Graece
343 1077 375 1133 et
391 1067 507 1134 Latine
526 1068 585 1146 sic,
608 1076 643 1133 ut
661 1089 756 1155 supra
772 1068 851 1134 nihil
871 1077 980 1155 posset
997 1067 1079 1133 addi.
1106 1068 1178 1151 qui-

152 1164 212 1231 bua
230 1162 325 1230 rebus
343 1162 463 1229 factum
481 1171 538 1240 est,
561 1171 596 1227 ut
615 1159 705 1228 Sulla
721 1184 878 1246 nusquam
895 1161 990 1247 absc
1007 1161 1178 1226 dimitteret

153 1268 342 1345 cuperetque
356 1278 464 1323 secum
477 1256 640 1321 deducere.
667 1254 723 1337 qui
736 1276 808 1318 cum
824 1254 1014 1338 persuadere
1032 1264 1175 1332 t,entaret

154 1352 255 1432 „Noli
275 1373 329 1417 oro
347 1359 388 1427 t,e
391 1346 740 1432 “inquitPomponius,
760 1345 948 1425 „adversum
962 1367 1016 1411 eos
1029 1369 1080 1411 me
1094 1348 1177 1413 velle
1254 1346 1259 1359 '

153 1446 276 1523 ducere,
296 1466 368 1508 eum
385 1440 499 1525 quibus
513 1460 552 1504 ne
570 1447 678 1504 contra
695 1447 727 1503 te
744 1456 832 1504 arma
844 1437 968 1518 ferrem,
987 1438 1112 1504 Italiam
1122 1464 1176 1535 re-

47 1599 51 1607 .
152 1539 260 1635 liquif‘
292 1545 324 1601 at
339 1533 428 1600 Sulla
442 1531 649 1599 adolescentis
667 1532 773 1599 officio
791 1530 1081 1599 collaudatum
934 1533 1103 1613 tomma'
1104 1526 1179 1599 ιιιιι-

150 1654 226 1697 nera
244 1629 282 1709 ei,
301 1627 527 1714 quaeAthenis
540 1637 712 1714 acceperat,
731 1628 955 1716 proficiscens
945 1629 1037 1694 russit
1050 1627 1175 1693 deferri.

118 1752 133 1799 3
151 1727 203 1791 hic
215 1725 391 1810 complures
409 1745 509 1790 annos
526 1733 675 1801 moratus,
694 1733 812 1789 cumet
828 1747 874 1789 rer
863 1722 1037 1789 familiari
1054 1731 1177 1787 tantum

119 1842 288 1911 operae
282 1820 380 1896 daret,
398 1827 551 1903 quantum
568 1841 632 1884 non
647 1818 814 1905 indiligens
833 1817 961 1884 deberet
949 1827 1032 1903 ttpa
1033 1840 1067 1883 er
1020 1817 1177 1882 tfami·

151 1916 225 1994 lias,
249 1922 292 1980 et
298 1912 404 1979 omnia
424 1911 544 1996 reliqua
566 1920 708 1998 tempora
725 1921 779 1977 aut
800 1912 836 1976 lit
824 1912 911 1977 tteris
929 1920 983 1977 aut
1000 1910 1177 1976 Athenien-

152 2010 234 2075 sium
258 2008 305 2075 rei
329 2005 473 2093 publicae
495 2005 657 2083 tribueret,
689 2006 785 2071 nihilo
802 2006 905 2071 minus
924 2005 1033 2071 amicis
1056 2003 1176 2070 urbana

116 2126 133 2173 4
153 2103 257 2170 officia
273 2100 438 2188 praestitit.
469 2123 544 2165 nam
562 2109 593 2165 et
580 2099 651 2165 tad
668 2099 763 2165 comit
764 2099 795 2164 ia
812 2121 920 2165 eorum
937 2098 1114 2176 ventitavit,
1134 2110 1174 2176 et,

124 2216 129 2223 ·
152 2197 260 2280 siqua
280 2217 332 2259 res
354 2194 453 2259 maior
475 2203 545 2260 acta
562 2202 624 2272 est,
647 2214 712 2257 non
733 2191 842 2258 defuit.
874 2192 956 2257 sicut
974 2191 1121 2258 Ciceroni
1143 2193 1176 2257 in

152 2287 298 2356 omnibus
317 2288 385 2354 eius
402 2287 550 2374 periculis
569 2286 761 2374 singularem
778 2285 872 2351 fidem
889 2285 1046 2372 praebuit,
1066 2287 1118 2351 cui
1136 2309 1176 2352 ex
1227 2334 1231 2341 -

150 2385 252 2470 patria
268 2382 402 2470 fugienti
411 2379 482 2448 HS.
493 2382 628 2447 ducenta
640 2389 678 2446 et
694 2380 921 2467 quinquaginta
938 2379 1024 2444 milia
1037 2379 1174 2445 donavit.

118 2502 133 2549 s
152 2477 360 2562 tranquillatis
378 2486 484 2551 autem
500 2474 595 2541 rebus
613 2475 766 2563 Romanis
784 2475 965 2561 remigravit
976 2474 1122 2551 Romam,
1141 2485 1176 2538 ut

152 2572 271 2658 opinor,
289 2572 331 2637 L.
352 2569 447 2635 Cotta
469 2579 500 2634 et
516 2571 558 2634 L.
578 2569 738 2653 Torquato
756 2568 952 2646 consulibus,
975 2589 1070 2652 quem
1091 2568 1175 2632 diem

153 2666 199 2731 sic
216 2665 364 2729 universa
386 2663 496 2729 civitas
513 2663 757 2728 Atheniensium
774 2672 940 2748 prosecuta
958 2672 1015 2740 est,
1033 2671 1069 2726 ιιι
1085 2661 1176 2726 lacri-

97 2682 120 2837 ι
152 2761 212 2826 mis
231 2758 378 2825 desiderii
396 2758 494 2823 futuri
511 2757 650 2824 dolorem
668 2757 828 2823 indicaret.

120 2879 134 2924 1
204 2853 244 2918 V.
272 2853 423 2919 Habebat
440 2850 690 2936 avunculqu.
706 2851 890 2930 Caecilium,
909 2852 1044 2937 equitem
1056 2849 1175 2915 Roma-

152 2972 243 3027 num,
262 2946 448 3012 familiarem
464 2948 506 3011 L.
525 2947 664 3025 Luculli,
683 2948 761 3012 divit
749 2956 823 3024 tem,
845 2946 1031 3012 difficillima
1047 2953 1174 3022 natura3

110 3020 125 3129 l
153 3043 241 3109 cuius
270 3041 317 3106 sie
338 3041 538 3127 asperitatem
559 3041 676 3108 veritus
695 3051 757 3121 est,
785 3050 953 3125 ut,quem
974 3061 1067 3105 nemo
1093 3038 1174 3104 ferre

106 3132 273 3224 'posset,
291 3134 429 3201 huius
404 3157 471 3219 sine
489 3135 662 3201 offensione
680 3136 721 3201 ad
740 3158 897 3201 summam
914 3143 1109 3200 senectutem
1126 3156 1175 3198 re·

152 3232 280 3298 tinuerit
267 3208 562 3297 tbenevolentiam.
603 3252 666 3314 quo
688 3229 772 3296 facto
790 3230 861 3295 tulit
881 3229 1007 3317 pietatis
1025 3228 1109 3295 fruct
1097 3237 1174 3293 ι.ιιιιι

119 3326 314 3397 ocaeeilius
337 3327 421 3392 enim
443 3326 580 3391 moriens
601 3335 788 3392 testamento
811 3325 971 3410 adoptavit
993 3346 1066 3388 eum
1088 3322 1177 3387 here-

154 3422 288 3504 demque
305 3419 381 3485 fecit
398 3443 438 3486 ex
453 3420 621 3500 dodrante3
644 3441 685 3484 ex
701 3421 764 3504 qua
786 3419 958 3484 hereditate
980 3416 1101 3503 accepit
1118 3417 1176 3480 cir-

43 3582 46 3589 ,
121 3515 230 3583 ociter
247 3522 318 3578 cent
319 3513 364 3578 ies
384 3514 571 3579 sestertium.
599 3523 666 3579 erat
682 3522 781 3598 nupta
798 3534 886 3579 soror
902 3511 949 3577 At
936 3507 1057 3593 tticiQ
1072 3507 1177 3574 Tullio

117 3606 310 3699 Ciceroni,
330 3629 446 3691 easque
463 3608 589 3694 nuptias
606 3605 654 3672 M.
675 3606 788 3673 Cicero
806 3606 999 3682 conciliarat,
1023 3626 1095 3668 cum
1114 3624 1177 3687 quo

154 3726 174 3768 a
191 3700 417 3787 condiscipula
416 3723 439 3765 u
404 3702 586 3768 tvivebat
573 3701 874 3779 tconiunctissime,
896 3697 995 3764 multo
1014 3697 1108 3762 etiam
1130 3695 1178 3762 fa·

154 3797 305 3863 miliarius
331 3818 427 3881 quam
449 3816 522 3860 cum
544 3793 740 3879 Quinto,ut
727 3794 888 3861 tiudicari
909 3791 1023 3878 possit,
1049 3789 1152 3877 plus
1143 3813 1177 3854 ιιι

154 3891 259 3957 amicit
260 3891 291 3956 ia
247 3890 419 3956 tvalere
447 3888 683 3955 similitudinem
709 3911 832 3955 morum
859 3909 954 3972 quam
980 3884 1175 3952 affinitatem.

153 3983 300 4051 utebatur
321 3995 427 4053 autem
448 3984 556 4079 intime
575 3982 616 4068 Q.
635 3983 820 4062 Hortensio,
843 3981 898 4068 qui
915 3980 964 4047 his
982 3976 1175 4067 temporibus
