2564 4410
509 261 744 318 IPHICRATES.
1102 257 1144 322 37

117 381 192 445 dere
214 379 267 444 det
254 388 367 456 t,racto
395 378 482 463 quod
504 399 604 463 aeque
626 398 739 462 corpus
762 386 936 464 tteegeret
905 379 1027 446 etleve
1053 395 1146 461 esset,
1243 394 1245 399 ’

117 473 248 538 curavit.

168 566 213 631 Π.
239 566 367 631 Bellum
393 588 465 631 cum
488 565 664 631 Thracibus
691 566 804 652 gessi,
778 563 998 646 Seuthem,
1026 592 1147 634 socrum
1166 594 1179 640 1

114 659 397 737 Atheniensium,
388 682 568 746 mregnum
584 659 729 725 restituit.
757 660 843 745 apud
857 658 1045 726 Corinthum
1062 672 1148 729 tanta

116 754 283 820 severitate
306 753 455 818 exercitui
475 753 683 862 praefuit,ut
670 753 807 820 tnullae
829 777 980 863 umquam
997 757 1030 821 in
1049 755 1149 824 Grae·

115 849 166 914 cia
183 869 286 932 neque
304 848 535 913 exercitatiores
549 848 658 932 copiae
675 870 778 932 neque
796 849 898 934 magis
917 849 1001 916 dicto
1019 851 1180 1011 audien-2

114 950 164 1007 tes
187 941 303 1006 fuerint
326 942 412 1020 duci,
440 941 474 1005 in
496 963 628 1025 eamque
651 942 909 1007 consuetudinem
931 943 1123 1023 adduxihu

115 1059 189 1102 cum
201 1036 355 1122 proelii
330 1059 456 1123 signum
474 1034 541 1101 ab'
531 1044 665 1144 rmperat
666 1057 719 1100 ore
737 1046 821 1101 esset
808 1037 952 1117 tdatum,
972 1039 1039 1104 sine
1058 955 1180 1105 ducis2

114 1151 211 1215 opera
229 1129 275 1195 sic
293 1130 454 1194 ordinatae
472 1130 691 1208 consisterent,
710 1130 881 1216 utsinguli
898 1130 938 1196 ab
955 1133 1146 1217 peritissimo
1268 1212 1271 1217 Ι

113 1223 303 1308 imperatore
326 1223 471 1310 dispositi
447 1223 634 1288 triderent
622 1231 680 1287 t.ur
707 1222 769 1288 hoc
786 1223 926 1288 exercitu
942 1247 1063 1289 moram
1081 1227 1147 1290 La·
1166 1246 1181 1291 3

114 1318 389 1383 cedaemoniorum
410 1317 579 1396 interfecit,
554 1317 688 1401 qtuod
709 1318 846 1383 maxime
868 1327 934 1384 tota
956 1319 1146 1385 celebratum

114 1419 165 1476 est
184 1408 327 1476 Graecia.
354 1412 469 1476 iterum
487 1412 599 1477 eodem
616 1409 699 1475 bello
717 1422 826 1477 omnes
846 1412 951 1497 copias
971 1435 1079 1477 eorum
1096 1414 1148 1478 fu-

113 1504 217 1592 gavit;
240 1527 303 1588 quo
325 1504 410 1569 facto
428 1528 577 1591 magnam
599 1505 731 1590 adeptus
755 1515 803 1570 est
823 1506 965 1593 gloriam.
994 1525 1066 1584 cum·
1082 1505 1183 1574 thr-4

113 1610 261 1663 tenemes
278 1594 442 1683 Aegyptio
463 1597 532 1683 regi
549 1595 668 1660 bellum
689 1598 804 1662 inferre
821 1598 934 1677 voluit,
957 1599 1147 1685 Iphicratem

114 1689 157 1756 ab
179 1688 429 1755 Atheniensibus
452 1691 566 1754 ducem
587 1689 711 1775 petivit,
738 1713 833 1774 quem
854 1692 1036 1776 praeficeret
1058 1716 1147 1759 exer-

113 1783 194 1850 citui
216 1784 426 1862 conducticio,
454 1784 544 1849 cuius
566 1806 715 1850 numerus
742 1784 908 1850 duodecim
934 1787 1056 1851 milium
1076 1787 1146 1852 fuit.

111 1899 211 1961 quem
237 1877 365 1961 quidem
392 1878 437 1942 sic
462 1878 548 1942 omni
575 1877 740 1963 disciplina
770 1877 896 1943 militari
922 1880 1069 1957 erudivit,
1101 1889 1145 1958 ut,

113 1970 382 2054 quemadmodum
408 1972 568 2055 quondam
588 1971 723 2037 Fabiani
744 1971 858 2036 milites
880 1972 1018 2038 Romani
1040 1973 1147 2058 appel-

112 2064 170 2130 lati
188 2076 269 2144 sunt,
289 2067 335 2130 sic
354 2066 585 2153 Iphicratenses
604 2067 689 2152 apud
703 2063 843 2132 Graecos
860 2067 894 2130 in
912 2090 1036 2132 summa
1052 2068 1146 2132 laude

112 2159 241 2225 fuerint.
275 2161 361 2225 idem
383 2161 524 2226 subsidio
546 2161 809 2227 Lacedaemoniis
832 2162 991 2249 profectus
1013 2161 1145 2248 Epami·
1164 2185 1179 2232 5
1211 2162 1214 2167 ’

112 2254 237 2323 nondae
254 2255 424 2330 retardavit
440 2255 588 2341 impetus.
615 2279 689 2320 nam
706 2257 767 2320 nisi
781 2257 850 2321 eius
864 2258 1017 2322 adventus
1032 2280 1145 2342 appro-
1254 2250 1257 2259 ’

111 2349 307 2435 pinquasset,
325 2373 389 2414 non
401 2351 489 2435 prius
504 2349 649 2414 Thebani
663 2348 779 2435 Sparta
791 2350 1029 2428 abscessissent,
1049 2373 1144 2434 quam

113 2451 239 2527 captam
256 2442 401 2507 incendio
420 2442 586 2507 delessent.

165 2538 227 2601 111.
254 2536 330 2602 Fuit
346 2545 452 2601 autem
470 2546 501 2601 et
518 2537 623 2602 animo
645 2560 760 2624 magno
779 2547 811 2603 et
828 2560 956 2625 corpore
977 2540 1144 2625 imperato·
1164 2561 1176 2606 1

111 2630 222 2715 riaque
243 2630 359 2708 forma,
382 2640 418 2694 ut
439 2630 509 2717 ipso
532 2640 662 2716 aspectu
684 2632 783 2696 cuivis
805 2632 945 2697 iniiceret
966 2632 1145 2698 admiratio-

110 2745 187 2788 nem
206 2723 268 2801 sui,
292 2725 349 2789 sed
365 2724 399 2788 in
415 2723 523 2789 labore
540 2725 633 2790 nimis
651 2725 802 2791 remissus
819 2747 993 2811 parumque
1010 2726 1143 2811 patiens,

109 2827 149 2882 ut
161 2817 387 2905 Theopompus
405 2819 573 2884 memoriae
590 2820 737 2904 prodidit,
755 2820 858 2885 bonus
877 2841 952 2885 vero
971 2820 1048 2884 civis
1066 2819 1144 2884 fide-

110 2933 175 2996 que
200 2936 325 2999 magna.
362 2912 448 2997 quod
475 2913 607 2978 cumin
638 2913 707 2978 aliis
737 2912 832 2979 rebus
860 2913 1043 2991 declaravit,
1074 2922 1175 2980 tumr

110 3006 249 3070 maxime
270 3007 304 3070 in
325 3004 486 3091 Amyntae
508 3005 694 3071 Macedonis
717 3006 823 3072 liberis
845 3008 979 3073 tuendis.
1006 3029 1143 3091 namque

110 3098 287 3184 Eurydice,
310 3108 411 3164 mater
432 3098 603 3165 Perdiccae
626 3112 657 3165 et
673 3099 826 3188 Philippi,
850 3123 923 3166 oum
944 3101 993 3166 his
1017 3100 1141 3165 duobus

109 3193 217 3278 pueris
226 3192 369 3278 Amynta
382 3202 506 3259 mortuo
521 3195 562 3258 ad
570 3194 761 3280 Iphicratem
775 3193 918 3281 confugit
931 3195 1060 3277 eiusque
1075 3193 1142 3277 opi-

109 3285 172 3351 bus
186 3286 317 3352 defensa
330 3296 387 3352 est.
414 3287 494 3352 vixit
510 3289 552 3353 ad
565 3297 758 3353 senectutem
770 3288 900 3372 placatis
913 3288 947 3351 in
960 3309 995 3351 se
1013 3308 1141 3352 suorum
1159 3306 1174 3352 3

110 3378 228 3444 civium
245 3381 367 3446 animis.
394 3403 540 3446 caussam
558 3382 668 3467 capitis
688 3382 787 3446 semel
804 3381 897 3458 dixit,
920 3380 1003 3445 bello
1022 3379 1139 3458 sociali,

110 3471 206 3538 simul
223 3495 296 3538 cum
313 3473 490 3552 Timotheo,
510 3496 610 3558 eoque
627 3475 743 3539 iudicio
762 3483 812 3539 est
828 3473 1001 3539 absolutus.
1027 3472 1140 3538 Mene·
1158 3495 1175 3540 4

109 3565 202 3633 sthea
217 3566 317 3631 filium
333 3567 459 3652 reliquit
476 3589 516 3632 ex
529 3569 669 3633 Thressa
686 3576 805 3645 natum,
815 3565 900 3631 Coti
916 3567 1000 3654 regis
1014 3566 1088 3631 filia.
1110 3567 1139 3630 is

108 3682 185 3726 cum
202 3659 458 3748 interrogaretur,
478 3671 583 3726 utrum
603 3661 701 3748 pluris
723 3670 845 3747 patrem
861 3669 1033 3725 matremne
1055 3660 1140 3724 sace-

106 3763 166 3832 ret,
186 3753 342 3835 „Matrem
347 3760 378 3835 ,“
396 3757 506 3841 inquit.
533 3757 567 3821 id
585 3779 658 3822 cum
675 3755 821 3823 omnibus
839 3755 954 3821 mirum
970 3756 1137 3830 videretur,

109 3846 201 3928 „At“
224 3849 277 3914 ille
301 3851 471 3930 „merito,“
497 3850 612 3935 inquit,
636 3851 753 3932 „facioz
779 3874 854 3916 nam
874 3857 963 3936 pater
987 3854 1139 3932 quantum

105 3942 142 4008 in
164 3966 199 4010 se
221 3945 296 4023 fuit,
324 3944 479 4011 Thracem
500 3967 552 4011 me
578 3946 700 4033 genuit,
727 3955 836 4011 contra
857 3966 896 4010 ea
916 3949 1016 4006 mater
1037 3938 1139 4006 Athe-

105 4036 281 4104 niensem.‘⁴
