2564 4410
580 276 687 334 DION.
987 284 990 289 '
1108 265 1150 329 35

119 399 153 463 in
176 396 297 463 caelum
319 392 422 459 fuerat
445 394 545 458 elatus
568 391 724 475 laudibus.
761 389 878 476 vulgus
901 400 1006 455 autem
1029 391 1151 457 offensa

118 492 153 555 in
171 513 243 555 eum
260 489 395 553 militum
413 489 572 552 voluntate
584 484 713 550 liberius
731 484 918 567 loquebatur
935 493 966 549 et
983 495 1150 570 tyrannum

118 607 184 648 non
201 583 366 648 ferendum
384 581 579 659 dictitabat„-

171 677 266 741 VIII.
293 675 385 740 Haeo
407 674 459 738 ille
477 675 601 738 intuens
620 695 705 750 cum,
729 673 994 755 quemadmodum
1017 673 1147 751 sedaret,
1169 697 1181 740 1

119 771 268 847 nesciret,
288 779 332 846 et,
350 790 501 853 quorsum
519 769 699 843 evaderent,
724 767 859 843 timeret,
880 765 1063 831 Callicrates
1081 768 1150 850 qui-

119 866 203 941 dam,
224 864 301 927 civis
314 862 528 943 Atheniensis,
548 861 603 945 qui
621 860 714 925 simul
730 883 802 925 cum
821 883 858 925 eo
876 883 916 924 ex
929 860 1149 944 Peloponneso

117 958 153 1020 in
173 955 313 1021 Siciliam
329 965 471 1032 venerat,
495 955 589 1019 homo
607 964 638 1018 et
655 954 786 1019 callidus
805 963 835 1017 et
853 955 893 1017 ad
914 953 1058 1019 fraudem
1076 976 1149 1019 acu-

117 1061 182 1126 tus,
202 1050 268 1114 sine
281 1050 345 1113 ulla
358 1049 509 1136 religione
524 1070 560 1112 ac
573 1048 645 1137 fide,
665 1048 729 1111 adit
743 1048 783 1111 ad
796 1047 934 1111 Dionem
953 1059 983 1111 et
1001 1049 1057 1112 ait:
1077 1070 1149 1112 eum
1167 1069 1182 1114 a

118 1164 237 1229 magno
250 1143 284 1206 in
292 1143 431 1228 periculo
441 1165 511 1208 esse
524 1151 651 1227 propter
660 1141 866 1205 offensionem
880 1142 988 1226 populi
1003 1151 1033 1205 et
1042 1142 1149 1206 odium

118 1236 268 1313 militum,
288 1238 374 1321 quod
390 1237 476 1301 nullo
494 1237 589 1300 modo
607 1237 723 1300 evitare
741 1245 863 1320 posset,
887 1234 948 1299 nisi
966 1235 1059 1299 alicui
1078 1257 1150 1299 suo-
1263 1282 1267 1289 -

117 1352 191 1394 rum
207 1330 368 1415 negotium
382 1331 481 1407 daret,-
498 1330 554 1412 qui
572 1351 606 1392 se
621 1329 782 1392 simularet
794 1329 839 1392 illi
856 1327 1042 1392 inimicum·
1055 1350 1148 1411 quem

119 1424 151 1487 si
167 1423 340 1488 invenisset
356 1423 518 1500 idoneum,
541 1422 634 1486 facile
652 1423 792 1486 omnium
810 1423 931 1486 animos
951 1422 1149 1507 cogniturum

118 1516 379 1599 adversariosque
402 1514 611 1593 sublaturum,
635 1517 719 1600 quod
736 1517 853 1580 inimici
875 1517 942 1597 eius
961 1516 1148 1581 dissidentes

119 1631 196 1674 suos
215 1631 328 1674 sensus
351 1610 489 1693 aperturi
508 1609 620 1672 forent.
647 1610 702 1672 tali
724 1610 854 1674 consilio
871 1609 1002 1695 probato
1026 1610 1149 1694 excepit
1167 1632 1182 1677 3

117 1701 178 1766 has
191 1712 296 1787 partes
310 1703 379 1786 ipse
391 1701 577 1779 Callicrates
592 1711 624 1766 et
637 1725 670 1766 se
685 1712 784 1766 armat
797 1704 1006 1787 imprudentia
1018 1703 1147 1780 Dionis3

117 1796 161 1860 ad
180 1817 252 1859 eum
269 1795 522 1860 interficiundum
544 1797 646 1860 socios
670 1797 837 1878 conquirit,
862 1796 1056 1860 adversarios
1080 1797 1146 1860 eius
1167 1818 1182 1862 1
1261 1850 1264 1855 .

117 1888 277 1964 convenit,
293 1888 504 1954 coniuratione
518 1890 690 1954 confirmat.
713 1911 774 1967 res,
788 1889 896 1953 multis
911 1890 1053 1967 consciis,
1068 1912 1148 1973 quae
1265 1908 1270 1915 '

117 1991 292 2069 gereretur,
316 1983 398 2046 elata
415 1983 553 2047 defertur
576 1984 616 2047 ad
632 1982 888 2061 Aristomachen,
913 2006 1050 2048 sororem
1068 1983 1148 2047 Dio-

117 2074 179 2152 nis,
194 2096 387 2158 uxoremque
400 2075 528 2140 Areten.
547 2076 619 2157 illae
633 2077 743 2142 timore
756 2077 935 2162 perterritae
950 2077 1146 2153 conveniunt,
1232 2091 1236 2099 '

118 2168 210 2233 cuius
230 2169 269 2232 de
282 2168 420 2253 periculo
434 2169 594 2234 timebant.
622 2171 723 2235 atille
740 2180 843 2258 negat,
863 2195 882 2235 a
896 2170 1061 2257 Callicrate
1080 2170 1147 2234 fieri
1166 2192 1181 2238 5

119 2261 183 2327 sibi
199 2262 340 2341 insidias,
360 2264 417 2328 sed
433 2263 496 2341 illa,
516 2287 596 2347 quae
615 2275 789 2351 agerentur,
808 2265 877 2328 fieri
893 2274 1060 2349 praecepto
1079 2285 1148 2327 suo,

116 2355 265 2423 mulieres
288 2357 385 2421 nihilo
409 2358 511 2421 secius
532 2356 731 2422 Callicratem
751 2360 785 2422 in
807 2359 918 2422 aedem
939 2358 1147 2443 Proserpinae

117 2450 277 2529 deducunt
291 2472 328 2514 ac
340 2451 442 2514 iurare
457 2461 582 2536 cogunt,
601 2452 679 2515 nihil
692 2453 731 2516 ab
746 2452 799 2515 illo
813 2451 943 2536 periculi
954 2451 1024 2527 fore
1037 2451 1145 2514 Dioni.

115 2543 171 2608 ille
184 2543 248 2623 ¹hac
260 2544 411 2629 religione
428 2567 492 2609 non
509 2546 603 2610 modo
616 2569 680 2610 non
694 2555 743 2610 est
755 2547 928 2622 deterritus,
949 2546 1005 2609 sed
1023 2546 1064 2609 ad
1081 2568 1147 2609 ma·
1165 2552 1169 2559 “

117 2637 288 2700 turandum
306 2639 478 2702 concitatus
497 2647 558 2716 est,
577 2661 704 2717 verens,
728 2662 768 2703 ne
785 2639 1056 2725 priusconsilium
1074 2661 1147 2723 ape-

114 2730 234 2795 riretur
248 2753 353 2809 suum,
372 2754 467 2815 quam
485 2731 596 2802 conata
612 2734 806 2818 perfecisset.

168 2822 233 2888 IX.
260 2823 333 2889 Hac
348 2835 455 2891 mente
469 2827 612 2912 proximo
631 2828 680 2891 die
698 2828 791 2905 festo,
810 2849 919 2891 cuma
938 2835 1092 2891 conventu
1111 2847 1145 2890 sc
1166 2848 1178 2893 1

114 2927 271 2982 remotum
288 2918 375 2984 Dion
393 2921 478 2984 domi
495 2931 614 2986 teneret
631 2931 724 3004 atque
746 2922 780 2984 in
798 2921 938 2986 conclavi
957 2921 1039 2984 edito
1057 2942 1148 2984 recu-

114 3011 247 3090 buisset,
267 3014 400 3079 consciis
413 3015 560 3080 facinoris
574 3016 643 3081 loca
660 3017 826 3081 munitiora
844 3016 951 3100 oppidi
969 3015 1070 3091 tradit,
1090 3015 1158 3078 do-'
1187 3080 1190 3087 ,

114 3127 204 3169 mum
227 3107 377 3172 custodiis
400 3110 514 3194 saepit,
538 3109 695 3175 aforibus
719 3110 772 3193 qui
794 3133 857 3174 non
879 3111 1055 3185 discedant,
1079 3130 1145 3171 cer-

113 3210 165 3263 tos
187 3201 341 3285 praeficit3
363 3225 477 3267 navem
499 3205 655 3269 triremem
679 3204 806 3268 armatis
829 3208 924 3267 ornat'
939 3203 1180 3268 Philostrato-u

87 3312 177 3376 ¹-que
195 3293 283 3358 fratri
301 3317 359 3359 suo
377 3296 483 3373 tradit,
507 3301 638 3381 eamque
656 3298 799 3382 inportu
817 3297 928 3382 agitari
944 3295 1045 3372 iubet,
1065 3303 1100 3358 ut
1117 3294 1145 3360 si

113 3407 260 3452 exercere
278 3389 412 3475 remiges
431 3391 538 3468 vellet,
552 3392 717 3478 cogitans,
741 3393 769 3456 si
789 3391 871 3457 forte
893 3388 1030 3454 consiliis
1049 3387 1146 3454 obsti·
1201 3456 1205 3461 ,

111 3479 206 3543 tisset
226 3481 425 3560 fortuna,ut
412 3483 587 3562 tt,habsre
562 3493 674 3568 tqua
696 3485 820 3571 fugeret
842 3485 883 3548 ad
901 3484 982 3548 salut
970 3494 1043 3548 tem.
1071 3507 1143 3549 suo·
1162 3505 1176 3550 3

110 3595 186 3638 rum
212 3583 316 3639 autem
337 3598 356 3640 e
377 3579 507 3641 numero
530 3566 721 3663 Zacynthios
748 3579 962 3643 adolescentes
989 3579 1142 3661 quosdam

111 3667 202 3754 eligit
189 3676 292 3733 tcum
309 3671 535 3736 audacissimos
555 3683 622 3760 tum
640 3675 757 3739 viribus
776 3674 935 3751 maximis,
958 3673 1142 3757 hisquet
1089 3675 1142 3736 dat

109 3762 288 3848 negotium,
315 3764 357 3828 ad
377 3764 516 3829 Dionem
539 3776 610 3830 eant
635 3767 785 3844 inermes,
814 3768 859 3832 sio
880 3777 916 3874 111
903 3766 1141 3831 toonveniendi

110 3855 181 3919 eius
199 3857 301 3942 gratia
318 3857 497 3924 viderentur
514 3860 629 3924 uenire.
656 3860 689 3924 hi
706 3870 832 3947 propter
844 3869 910 3925 no
899 3860 986 3923 itiam
1005 3867 1078 3925 sunt
1093 3843 1141 3920 in-

109 3948 260 4037 tromissi
287 3958 320 4014 at
307 3949 382 4013 tilli
398 3962 434 4016 ut
421 3952 594 4017 tlimen'
568 3975 636 4017 erus
659 3953 825 4031 intrarunt,
800 3953 968 4018 tforibus
988 3951 1121 4015 obserat
1099 3961 1174 4018 1111

107 4043 144 4107 in
161 4041 243 4109 lecto
261 4042 428 4109 cubantem
450 4039 614 4125 invadunt,
639 4046 844 4134 colligant3fi
845 4046 984 4130 tstrepit
985 4068 1040 4122 us,
1061 4046 1144 4108 odeo

660 4169 664 4177 ·
896 4145 935 4197 ‘b
