2564 4410
505 270 748 330 ALCIBIADES.
1093 267 1135 331 21

114 416 175 478 que
192 392 311 458 maiora
326 399 437 478 posset
454 388 613 472 consequi,
632 412 727 473 quam
744 389 796 452 vel
813 402 925 455 natura
941 389 992 455 vel
1010 389 1137 459 fortuna

114 487 271 552 tribuerat.
298 487 424 550 ineunte
442 483 653 549 adolescentia
669 493 791 548 amatus
810 492 859 548 est
875 506 895 548 a
912 484 1017 550 multis
1031 509 1135 552 amore
1154 511 1170 556 a
1247 558 1257 579 ‚

115 578 321 658 Graecorum,
347 578 382 643 in
408 578 454 643 eis
475 601 495 642 a
515 575 647 644 Socrate
676 575 818 662 [dequo
844 579 1034 645 mentionem
1058 580 1137 662 facit
1261 578 1265 585 ’

112 674 206 740 Plato
226 674 260 738 in
284 671 463 760 Symposio.
497 693 633 755 namque
655 693 728 736 eum
747 671 870 736 induxit
892 694 1170 744 commemorans

113 777 186 845 tem,
206 789 241 832 se
258 775 459 852 pernoctasse
481 787 554 830 cum
573 763 703 831 Socrate
724 786 826 850 neque
843 765 932 831 aliter
953 766 1049 833 abeo
1067 791 1137 834 sur-

111 861 233 926 rexisse
251 882 288 925 ac
304 860 387 924 filius
406 868 570 946 aparente
592 855 760 945 debuerit}
793 868 905 945 postea
925 882 1021 945 quam
1042 861 1137 927 robu-
1154 885 1171 930 4

114 956 191 1019 stior
217 965 265 1020 est
289 954 403 1032 factus,
430 976 495 1019 non
519 954 623 1018 minus
650 953 765 1018 multos
792 954 921 1033 amavit,
947 955 981 1020 in
1002 976 1137 1038 quorum

113 1071 228 1127 amore,
247 1049 351 1133 quoad
368 1048 488 1112 licitum
505 1056 563 1124 est,
582 1047 691 1112 odiosa
707 1046 807 1112 multa
824 1047 954 1113 delicate
971 1048 1137 1134 iocoseque

113 1143 197 1220 fecit,
216 1164 296 1227 quae
314 1143 512 1220 referremus,
530 1141 592 1206 nisi
609 1141 727 1206 maiora
742 1141 865 1226 potiora
884 1140 1082 1207 haberemus.

163 1236 225 1301 III.
252 1236 343 1301 Bello
352 1235 583 1322 Peloponnesio
596 1234 689 1300 huius
699 1234 829 1300 consilio
843 1243 937 1319 atque
954 1237 1136 1302 auctoritate
1156 1260 1169 1305 1

112 1330 324 1396 Athenienses
342 1330 459 1396 bellum
479 1327 687 1416 Syracusanis
704 1329 896 1408 indixerrmt3
922 1329 963 1393 ad
981 1330 1066 1413 quod
1081 1353 1138 1416 go-

113 1425 244 1491 rendum
261 1424 330 1511 ipse
347 1425 413 1489 dux
426 1423 565 1489 delectus
579 1432 636 1501 est,
655 1422 718 1488 duo
734 1431 895 1509 praeterea
907 1423 1046 1510 collegae
1060 1424 1135 1502 dati,

112 1518 218 1584 Nicias
237 1519 469 1584 etLamachus.
495 1518 529 1582 id
538 1539 610 1582 cum
623 1525 832 1602 appararetur,
850 1517 1043 1603 priusquam
1056 1516 1136 1583 clas-
1155 1539 1169 1584 a
1271 1542 1281 1561 .

112 1614 157 1678 sis
176 1613 283 1690 exiret,
302 1613 424 1689 accidit,
441 1621 478 1675 ut
495 1634 558 1675 una
570 1620 662 1675 nocte
675 1632 783 1675 omnes
794 1609 944 1690 Hermae,
963 1611 1017 1695 qui
1034 1612 1067 1675 in
1080 1633 1136 1698 op-

111 1709 186 1794 pido
205 1715 293 1772 erant
309 1705 459 1782 Athenis,
479 1704 698 1781 deicerentur,
717 1714 841 1790 praeter
856 1727 968 1782 unum,
991 1706 1135 1790 quiante

111 1803 240 1866 ianuam
261 1808 329 1864 erat
344 1797 513 1864 Andocidi.
543 1798 650 1882 itaque
670 1797 724 1862 ille
745 1807 855 1882 postea
872 1796 1049 1863 Mercurius
1067 1797 1136 1862 An-

112 1894 233 1959 docidis
251 1894 405 1959 vocitatus
424 1901 481 1957 est.
507 1891 569 1957 hoo
586 1915 658 1957 cum
675 1900 839 1977 appareret
855 1913 920 1955 non
937 1891 1004 1956 sine
1021 1914 1137 1977 magna
1150 1911 1169 1957 a

110 1987 281 2053 multorum
295 1986 500 2052 consensione
513 2007 584 2051 esse
596 1984 724 2062 factum,
744 2006 824 2070 quae
837 2007 901 2049 non
915 1984 955 2049 ad
971 1984 1135 2069 privatam,

112 2081 170 2147 sed
190 2081 349 2168 publicam
370 2104 437 2146 rem
457 2080 638 2167 pertineret,
664 2102 800 2166 magnus
826 2079 1018 2144 multitudini
1043 2079 1136 2145 timor

111 2183 161 2239 est
181 2175 328 2252 iniectus,
354 2196 395 2239 ne
417 2195 480 2258 qua
503 2173 666 2260 repentina
686 2173 735 2238 vis
757 2173 791 2238 in
813 2173 938 2241 civitate
961 2173 1134 2250 exsisteret,

110 2289 192 2351 quae
209 2266 384 2332 libertatem
397 2266 585 2353 opprimeret
601 2266 719 2352 populi.
746 2267 806 2332 hoc
819 2267 955 2332 maxime
969 2267 1135 2332 convenire
1152 2288 1169 2336 4
1273 2324 1280 2343 .

110 2362 145 2425 in
153 2360 352 2426 Alcibiadem
368 2360 542 2438 videbatur,
561 2360 646 2444 quod
664 2371 695 2424 et
711 2361 867 2445 potentior
880 2369 911 2424 et
928 2360 1027 2424 maior
1040 2383 1135 2444 quam

110 2455 253 2540 privatus
272 2453 517 2519 existimabatur.
546 2452 661 2517 multos
684 2453 768 2517 enim
785 2453 968 2518 liberalitate
986 2453 1135 2519 devinxe-

109 2558 167 2625 rat,
186 2549 292 2634 plures
310 2547 404 2614 etiam
418 2570 513 2634 opera
529 2547 648 2612 forensi
666 2569 740 2613 suos
758 2548 944 2612 reddiderat.
972 2569 1067 2631 quare
1079 2548 1135 2612 fie·
1153 2568 1168 2615 5
1201 2602 1204 2615 .

110 2642 165 2707 bat
170 2690 179 2720 ,
202 2651 238 2707 ut
255 2641 395 2708 omnium
412 2642 534 2720 oculos,
557 2642 817 2726 quotiescumque
833 2642 868 2706 in
884 2640 1046 2727 publicum
1062 2664 1134 2727 pro-

110 2736 225 2813 disset,
247 2736 288 2801 ad
303 2731 341 2800 ⁴se
359 2744 566 2814 converteret,
584 2757 686 2819 neque
704 2736 733 2800 ei
750 2758 808 2821 par
825 2735 992 2820 quisquam
1008 2735 1042 2799 in
1060 2736 1135 2799 civi-

110 2838 175 2893 tate
196 2837 373 2913 poneretur.
399 2828 505 2913 itaque
530 2851 594 2893 non
617 2829 718 2894 solum
742 2851 831 2913 spem
856 2829 948 2893 ineo
975 2826 1134 2893 habebant

108 2922 279 2987 maximam
284 2950 298 3001 ,-
317 2922 375 2987 sed
392 2923 487 2987 etiam
503 2922 660 3000 timorem,
683 2922 768 3006 quod
786 2931 817 2986 et
835 2921 948 2987 obesse
964 2921 1134 3008 plurimum

109 3025 141 3080 et
158 3017 307 3100 prodesse
323 3024 454 3102 poterat.
490 3015 715 3102 aspergebatur
732 3016 827 3082 etiam
843 3016 983 3093 infamia,
1002 3016 1087 3100 quod
1099 3017 1133 3080 in
1152 3040 1167 3086 o

109 3111 203 3177 domo
221 3135 280 3176 sua
296 3111 400 3176 facere
417 3111 567 3196 mysteria
581 3111 751 3189 dicebatur,
765 3111 851 3195 quod
864 3111 954 3176 nefas
968 3119 1035 3175 erat
1047 3133 1133 3175 more

108 3202 366 3283 Atheniensium,
388 3205 483 3290 idque
505 3228 568 3272 non
586 3205 627 3271 ad
643 3204 835 3292 religionem,
860 3205 916 3271 sed
933 3206 975 3270 ad
992 3205 1134 3269 coniura-

108 3299 226 3364 tionem
243 3300 398 3386 pertinere
416 3300 662 3365 existimabatur.

159 3392 218 3457 IV.
245 3393 319 3458 Hoc
332 3393 460 3458 crimine
473 3394 507 3458 in
519 3393 664 3459 contione
677 3392 716 3458 ab
729 3391 863 3457 inimicis
877 3391 1130 3477 compellabatur.
1152 3415 1164 3461 1

109 3485 167 3549 sed
182 3486 320 3552 instabat
338 3497 461 3574 tempus
480 3488 521 3552 ad
542 3486 660 3553 bellum
676 3487 903 3573 proficiscendi.
929 3486 963 3551 id
978 3486 1032 3552 ille
1048 3486 1132 3552 intu-

108 3601 166 3643 ens
182 3602 284 3664 neque
301 3582 451 3668 ignorans
469 3581 585 3647 civium
603 3603 731 3647 suorum
749 3581 1006 3648 consuetudinem
1023 3590 1132 3667 postu-

105 3671 203 3748 labat,
223 3673 250 3738 si
267 3676 344 3758 quid
361 3676 401 3740 de
420 3697 454 3740 se
468 3675 521 3762 agi
537 3675 662 3754 vellent,
680 3676 785 3762 potius
803 3675 843 3740 de
859 3685 1023 3761 praesente
1036 3696 1132 3759 quae-

107 3766 168 3831 stio
185 3766 361 3847 haberetur,
378 3791 473 3854 quam
492 3768 606 3835 absens
623 3770 759 3835 invidiae
777 3768 905 3835 crimine
922 3776 1129 3834 accusaretur.

106 3860 225 3926 inimici
238 3883 314 3927 vero
323 3863 391 3929 eius
404 3864 629 3948 quiescendum
640 3864 848 3950 inpraesenti,
862 3863 936 3948 quia
948 3861 1054 3927 noceri
1066 3883 1130 3926 non
1148 3880 1163 3927 2

105 3976 201 4040 posse
218 3954 447 4042 intelligebant,
471 3968 502 4024 et
518 3958 597 4023 illud
618 3967 743 4045 tempus
761 3955 1006 4045 exspectandum
1024 3955 1130 4021 decre-
1250 3994 1255 4007 ·

107 4060 232 4129 verunt,
259 4072 323 4135 quo
345 4051 474 4132 exisset,
502 4062 537 4117 ut
558 4053 720 4119 absentem
742 4051 1003 4139 aggrederentun
1025 4050 1136 4130 itaqua
