2564 4410
140 265 182 331 56
297 353 300 357 Δ
471 275 653 331 CORNELII
667 275 830 334 NEPOTIS

139 403 209 461 rent
227 415 350 478 semper
366 413 472 477 reges,
491 391 617 455 nomine
635 392 737 477 magis
756 413 851 476 quam
867 393 1009 479 imperio,
1028 417 1068 460 ex
1088 397 1173 464 dua·

56 518 59 525 ·
140 491 200 555 bus
218 487 345 552 familiis
362 485 468 549 Procli
486 494 517 549 et
533 485 757 570 Eurysthenis,
781 487 835 570 qui
855 487 1011 573 principes
1035 511 1074 553 ex
1092 513 1169 575 pro-

108 606 123 652 a
141 583 233 670 genie
242 579 390 645 Herculis
407 577 540 665 Spartae
556 601 648 665 reges
667 579 802 645 fuerunt.
829 581 943 646 horum
960 604 1000 647 ex
1017 583 1115 649 altera
1132 587 1166 650 in

140 677 266 743 alterius
284 675 421 740 familiae
434 674 538 738 locum
551 674 619 738 fieri
635 697 698 738 non
715 675 841 740 licebat:
859 677 904 741 ita
921 686 1052 761 utraque
1070 701 1165 743 suum

139 771 293 837 retinebat
310 770 458 835 ordinem.
485 770 621 855 primum
638 770 717 835 ratio
734 769 916 849 habebatur,
936 772 990 856 qui
1007 773 1166 839 maximus

138 875 215 932 natu
233 874 317 932 esset
334 887 375 929 ex
391 864 497 929 liberis
516 865 598 941 eius,
618 865 672 947 qui
688 886 824 951 regnans
842 866 1045 945 decessisset3
1069 868 1119 932 sin
1135 869 1164 932 is

139 961 261 1026 virilem
275 982 386 1024 sexum
403 981 467 1024 non
479 959 665 1043 reliquisset,
685 968 752 1023 tum
765 960 967 1047 deligebatur,
986 963 1041 1044 qui
1056 963 1166 1048 proxi·

105 1080 121 1124 4
139 1081 209 1122 mus
225 1063 316 1121 *esset
337 1055 577 1140 propinquitate.
609 1057 751 1120 mortuus
775 1066 841 1120 erat
862 1055 945 1142 Agis
967 1079 1038 1134 rex,
1066 1057 1166 1122 frater

138 1150 291 1238 Agesilai.
318 1149 417 1213 filium
433 1148 600 1232 reliquerat
616 1149 854 1234 Leotychidem,
873 1172 968 1233 quem
984 1150 1036 1215 ille
1054 1159 1165 1215 natum

138 1268 203 1311 non
224 1252 368 1331 agnorat3
396 1243 531 1307 eundem
553 1242 687 1306 moriens
711 1265 804 1306 suum
826 1265 896 1308 esse
914 1245 1044 1309 dixerat.
1075 1244 1102 1308 is
1122 1244 1164 1309 de

138 1340 257 1404 honore
272 1337 363 1423 regni
380 1359 452 1400 cum
469 1334 632 1420 Agesilao,
650 1345 762 1420 patruo
781 1359 847 1413 suo,
867 1338 1034 1416 contendit,
1058 1359 1163 1421 neque

105 1432 185 1508 sid,
208 1432 293 1514 quod
313 1430 438 1514 petivit,
463 1437 650 1493 consecutus
673 1438 730 1494 est.
762 1453 836 1494 nam
857 1431 1026 1515 Lysandro
1050 1430 1165 1495 suffra
1191 1508 1195 1513 ἢ

138 1533 242 1611 ganto,
265 1523 400 1600 homine,
423 1532 459 1587 ut
476 1524 669 1589 ostendimus
689 1548 793 1610 supra,
816 1525 948 1592 factioso
966 1527 1064 1592 ethis
1083 1535 1163 1592 tem-

137 1618 265 1704 poribus
283 1626 418 1703 potente,
437 1616 608 1705 Agesilaus
627 1619 781 1684 antelatus
800 1631 856 1686 est.

105 1735 117 1780 1
189 1713 233 1777 H.
260 1713 325 1778 Hic
343 1713 530 1798 simulatque
543 1713 666 1799 imperii
682 1715 799 1799 potitus
819 1725 876 1792 est,
894 1716 1050 1801 persuasit
1059 1715 1165 1780 Lace·

138 1809 324 1886 daemoniis,
352 1819 388 1871 ut
409 1809 564 1873 exercitus
587 1809 762 1873 emitterent
787 1810 820 1873 in
841 1809 955 1874 Asiam
982 1809 1167 1899 bellumque

137 1902 206 1988 regi
222 1901 370 1978 facerent,
389 1903 505 1966 docens
525 1902 622 1966 satius
641 1923 711 1966 esse
728 1903 761 1965 in
775 1901 856 1968 Asia
870 1923 964 1985 quam
981 1901 1015 1965 in
1028 1901 1163 1987 Europa

138 1995 287 2060 dimicari.
323 2016 463 2078 namque
489 1996 575 2060 fama
600 1996 731 2073 exierat,
754 1995 954 2062 Artaxerxen
980 2016 1166 2079 comparare

138 2088 255 2154 classes
274 2090 498 2173 pedestresque
512 2089 676 2166 exercitus,
695 2111 774 2172 quos
793 2091 826 2154 in
835 2089 1003 2156 Graeciam
1015 2089 1164 2156 mitteret.

59 2204 63 2209 ’
104 2204 119 2249 a
138 2183 211 2247 data
226 2190 381 2267 potestate
399 2191 486 2247 tanta
502 2183 659 2247 celeritate
676 2206 753 2247 usus
772 2194 829 2261 est,
848 2194 884 2247 ut
896 2184 982 2269 prius
1001 2184 1035 2248 in
1047 2176 1164 2249 Asiam

138 2298 210 2340 cum
232 2276 330 2362 copiis
352 2277 540 2363 pervenerit,
563 2299 658 2362 quam
683 2277 763 2363 regii
785 2286 928 2362 satrapae
951 2299 1024 2342 eum
1047 2278 1164 2342 scirent

136 2370 322 2456 profectum.
354 2392 417 2454 quo
438 2370 558 2436 factum
580 2379 641 2448 est,
664 2380 699 2435 ut
721 2365 829 2436 omnes
851 2371 1021 2457 imparatos
1044 2372 1163 2458 impru-

100 2483 116 2529 3
138 2466 310 2549 dentesque
333 2465 513 2530 offenderet.
548 2465 582 2529 id
608 2474 643 2529 ut
664 2466 813 2552 cognovit
834 2465 1078 2551 Tissaphernes,
1106 2467 1163 2549 qui

138 2582 296 2624 summum
317 2560 483 2645 imperium
505 2569 573 2623 tum
594 2559 674 2624 inter
695 2559 871 2644 praefectos
889 2559 1025 2625 habebat
1045 2560 1163 2645 regios,

136 2654 273 2718 indutias
292 2677 311 2718 a
327 2654 459 2743 Lacone
480 2655 590 2738 petivit
608 2653 773 2732 simulans,
802 2676 837 2719 se
860 2655 934 2718 dare
951 2668 1098 2739 operam,
1126 2664 1162 2718 ut

137 2748 399 2832 Lacedaemoniis
423 2770 496 2812 cum
516 2770 592 2834 rege
618 2748 812 2825 conveniret,
839 2770 873 2813 re
895 2754 1000 2811 autem
1021 2769 1097 2811 vera
1120 2748 1164 2812 ad

104 2864 120 2928 a
139 2843 245 2927 copias
259 2842 500 2928 comparandas3
519 2864 636 2926 easque
648 2842 827 2929 impetravit
840 2842 1019 2906 trimestres.
1046 2840 1162 2905 iuravit

138 2945 244 3000 autem
264 2945 409 3019 uterque,
434 2959 468 3000 se
492 2937 558 3001 sine
582 2937 654 3002 dolo
675 2936 812 3001 indutias
836 2943 1100 3001 conservaturum.
1128 2935 1162 2999 in

137 3052 201 3113 qua
225 3029 368 3115 pactione
395 3053 518 3094 summa
544 3031 606 3095 fide
622 3032 747 3096 mansit
772 3029 958 3117 Agesilaum
989 3038 1098 3095 contra
1123 3051 1163 3094 ea

104 3146 119 3191 s
137 3123 366 3209 Tissaphernes
384 3123 461 3188 nihil
480 3125 565 3189 aliud
583 3147 678 3208 quam
692 3124 809 3189 bellum
823 3122 1024 3209 comparavit
1051 3123 1087 3188 id·
1102 3124 1162 3189 etsi

139 3219 292 3284 sentiebat
308 3219 413 3296 Laoc,
436 3228 542 3284 tamen
563 3219 781 3283 iusiurandum
798 3218 944 3283 servabat
965 3217 1160 3302 multumque

137 3313 171 3376 in
188 3335 226 3378 eo
245 3336 278 3378 se
296 3313 447 3397 consequi
461 3312 593 3391 dicebat,
613 3314 697 3396 quod
707 3313 935 3398 Tissaphernes
952 3311 1089 3397 periurio
1103 3333 1161 3376 suo

138 3416 169 3470 et
185 3407 328 3472 homines
348 3409 413 3473 suis
431 3407 526 3473 rebus
545 3407 734 3472 abalienaret
752 3417 783 3472 et
800 3408 876 3472 deos
895 3406 956 3471 sibi
976 3406 1072 3494 iratos
1090 3405 1161 3469 red-

138 3500 238 3577 deret3
258 3523 292 3564 se
306 3512 411 3566 autem
425 3511 608 3566 conservata
619 3501 770 3588 religione
784 3501 966 3566 confirmare
980 3499 1160 3575 exereitum,

138 3617 210 3659 cum
229 3594 495 3673 animadverteret,
514 3595 609 3660 deum
621 3617 738 3660 numen
750 3594 853 3659 facere
868 3615 984 3671 seeum,
1003 3592 1160 3657 homines-

137 3711 199 3773 que
223 3687 283 3753 sibi
302 3689 465 3754 conciliare
488 3690 664 3768 amiciores,
687 3690 771 3774 quod
792 3689 842 3753 his
865 3687 990 3767 studere
1013 3707 1161 3752 consues-

139 3794 217 3861 sent,
236 3804 314 3868 quos
333 3804 517 3849 conservare
534 3784 630 3849 fidem
646 3785 796 3850 viderent

105 3898 130 3940 1·
189 3877 251 3942 HI.
287 3877 462 3961 Postquam
491 3878 682 3944 indutiarum
711 3877 870 3965 praeteriit
894 3877 976 3955 dies,
1006 3875 1160 3942 barbarus

137 3993 201 4036 non
214 3971 369 4052 dubitans,
388 3972 473 4056 quod
486 3973 585 4057 ipsius
600 3983 687 4037 erant
699 3972 834 4058 plurima
842 3971 999 4037 domicilia
1010 3970 1044 4033 in
1055 3967 1160 4044 Caria,

131 4074 167 4128 et
178 4087 216 4130 ea
225 4067 319 4153 regio
330 4066 381 4133 his
400 4066 593 4155 temporibus
607 4064 705 4132 multo
722 4065 892 4153 putabatur
904 4063 1162 4150 locupletissima,
