2564 4410
558 224 688 285 CIMON
1098 215 1138 280 17

112 345 321 437 impetrasset,
341 365 375 410 se
388 366 445 431 pro
459 343 512 408 illo
525 345 691 429 pecuniam
706 343 888 409 solut.urum
916 344 944 408 is
958 365 1030 408 cum
1043 343 1137 409 talem
1154 363 1170 412 4
1206 414 1208 419 ,

115 438 229 504 condit
207 430 323 503 tionem
345 447 576 523 aspernaretur,
594 436 738 522 Elpinice
755 439 896 524 negavit,
921 460 955 503 se
972 460 1136 523 passuram

111 532 265 597 Miltiadis
287 532 470 618 progeniem
491 531 525 594 in
547 530 657 595 vinclis
680 530 840 616 publicis'
831 555 864 594 m
866 532 966 610 terire,
989 532 1150 615 quoniam

110 625 276 710 prohibere
294 633 411 710 posset,
431 645 527 708 seque
541 623 660 688 Calliae
674 633 851 709 nupturam,
871 626 898 690 si
910 647 956 703 ea,
972 646 1052 708 quae
1069 624 1137 710 pol-

110 720 266 796 liceretur,
284 718 500 802 praestitisset.

163 811 208 876 11.
241 809 314 876 Tali
334 812 428 876 modo
451 811 593 876 custodia
614 810 763 876 liberatus
787 809 901 876 Cimon
928 811 1068 875 celeriter
1094 812 1136 876 ad
1155 835 1167 880 1

110 904 321 992 principatum
334 904 484 988 pervenit.
503 903 639 970 habebat
648 905 731 977 enim
746 905 821 969 satis
831 904 1035 988 eloquentiae,
1051 927 1136 968 sum-

111 1020 199 1061 mam
215 996 440 1075 liberalitatem,
459 1020 608 1083 maguam
625 998 822 1082 prudentiam
840 1020 911 1062 cnm
928 997 1004 1061 iuris
1024 997 1135 1075 civilis,

111 1103 180 1155 tum
196 1092 242 1156 rei
259 1092 415 1170 militaris,
438 1093 522 1176 quod
540 1111 612 1155 cum
633 1101 722 1177 patre
739 1115 758 1154 a
774 1113 872 1175 puero
893 1092 927 1155 in
950 1091 1135 1156 exercitibus

111 1186 215 1250 fuerat
235 1196 388 1251 versatus.
419 1186 525 1270 itaque
547 1185 599 1249 hic
621 1195 652 1249 et
674 1185 825 1270 populum
848 1183 1002 1249 urbanum
1023 1186 1057 1248 in
1079 1208 1136 1250 sua

110 1281 212 1344 tenuit
228 1289 382 1365 potestate
397 1290 429 1345 et
445 1280 530 1366 apud
547 1279 717 1344 exercitum
734 1278 902 1364 plurimum
919 1278 1017 1342 valuit
1031 1287 1137 1343 aucto-

111 1374 212 1438 ritate.
238 1374 374 1458 primum
390 1375 559 1460 imperator
580 1374 665 1459 apud
681 1373 798 1439 flumen
817 1370 987 1458 Strymona
1002 1394 1134 1458 magnas
1154 1394 1169 1440 2

112 1467 220 1551 copias
239 1466 399 1532 Thracum
416 1466 550 1554 fugavit,
568 1468 719 1552 oppidum
735 1464 954 1552 Amphipolim
977 1466 1137 1532 constituit

110 1582 213 1644 eoque
231 1561 340 1626 decem
358 1561 443 1625 milia
452 1561 695 1625 Atheniensium
711 1561 745 1624 in
761 1560 915 1626 coloniam
932 1560 1025 1625 misit.
1052 1561 1136 1625 idem
1155 1583 1169 1630 3

110 1656 226 1719 iterum
248 1654 333 1738 apud
350 1653 500 1737 Mycalen
518 1652 707 1737 Cypriorum
725 1664 757 1717 et
772 1653 967 1718 Phoenicum
988 1655 1136 1719 ducenta-

111 1770 184 1811 rum
201 1746 329 1811 navium
343 1745 476 1810 classem
489 1745 644 1811 devictam
654 1745 735 1830 cepit
748 1746 980 1829 eodemquedie
992 1747 1060 1831 pari
1073 1747 1137 1812 for-

113 1850 192 1904 tuna
213 1839 247 1903 in
273 1849 355 1904 terra
375 1861 453 1904 usus
475 1850 533 1905 est.
564 1861 699 1922 namque
721 1839 860 1904 hostium
881 1838 1013 1904 navibus
1036 1842 1135 1924 captis

113 1933 219 1998 statim
237 1955 277 1999 ex
295 1933 395 1999 classe
413 1934 519 2020 copias
538 1957 611 2000 suas
630 1933 738 1998 eduxit
754 1933 1020 2017 barbarorumque
1037 1934 1136 1998 maxi-

111 2049 197 2091 mam
218 2027 284 2091 vim
304 2050 367 2093 uno
390 2048 544 2094 concursu
568 2029 745 2114 prostravit.
781 2049 844 2112 qua
869 2028 999 2093 victoria
1020 2049 1170 2113 magnac

111 2122 229 2207 praeda
249 2123 366 2208 potitus
390 2145 462 2188 omn
484 2124 612 2188 domum
633 2132 852 2201 reverteretur,
876 2123 1041 2206 quodiam
1058 2145 1137 2187 non-

111 2215 216 2280 nullae
224 2216 345 2282 insulae
361 2226 488 2302 propter
500 2216 701 2283 acerbitatem
713 2217 837 2302 imperii
854 2216 1041 2294 defecerant,
1054 2215 1135 2281 bene

110 2308 264 2375 animatas
287 2311 495 2389 confirmavit,
518 2311 667 2376 alienatas
685 2311 726 2375 ad
748 2311 888 2375 officium
904 2311 1004 2374 redire
1022 2311 1134 2395 coe'git.

113 2401 257 2488 Scyrum,
277 2426 372 2488 quam
390 2426 428 2468 eo
446 2412 585 2489 tempore
593 2404 736 2489 Dolopes
754 2403 941 2480 incolebant,
960 2403 1045 2485 quod
1062 2425 1136 2466 con·
1154 2425 1169 2470 5

110 2499 266 2563 tumacius
289 2520 323 2563 se
346 2507 523 2584 gesserant,
546 2497 735 2575 vacuefecit,
758 2519 897 2563 sessores
914 2506 1036 2562 veteres
1058 2496 1134 2561 urbe

111 2685 210 2748 fretos
233 2706 290 2749 suo
312 2684 448 2749 adventu
469 2685 573 2773 fregit.
605 2685 654 2751 his
678 2707 718 2750 ex
739 2684 895 2751 manubiis
917 2708 974 2750 arx
990 2684 1134 2750 Athena

109 2799 191 2853 rum,
210 2799 272 2859 qua
289 2778 330 2842 ad
347 2779 508 2843 meridiem
525 2779 636 2866 vergit,
655 2788 704 2844 est
719 2788 839 2844 ornata.

161 2869 224 2934 111.
253 2869 380 2952 Quibus
397 2871 491 2937 rebus
509 2894 582 2937 cum
598 2895 681 2937 unus
698 2866 874 2937 incivitate
890 2871 1026 2936 maxime
1044 2871 1134 2937 llore-
1154 2892 1166 2937 1

108 2973 167 3042 ret,
146 2964 319 3044 tincidit'
310 2989 344 3030 ιιι
356 2966 487 3030 eandem
500 2966 659 3044 invidiam,
678 2988 773 3050 quam
786 2974 875 3051 pater
887 2989 963 3030 suus
978 2967 1134 3049 ceterique

109 3012 354 3123 Atheniensium
374 3059 540 3145 principes.
575 3083 649 3125 nam
675 3070 826 3126 testarum
848 3059 1021 3146 suffragiis,
1048 3060 1134 3142 quod

108 3147 189 3215 illi'
173 3148 390 3237 οσιρακισμὸν
411 3163 537 3232 vocant,
561 3154 670 3218 decem
693 3177 845 3219 annorum
868 3154 961 3218 exilio
982 3152 1132 3216 multatus

108 3255 168 3310 est.
196 3246 285 3311 cuius
306 3246 383 3311 facti
405 3247 535 3312 celerius
554 3246 765 3315 Athenienses
784 3269 879 3332 quam
899 3247 1004 3332 ipsum
1025 3245 1165 3331 poeni-a

109 3339 179 3403 tuit.
198 3362 271 3403 nam
284 3361 357 3412 cum
373 3339 426 3404 ille
444 3341 548 3405 animo
565 3340 639 3406 forti
655 3341 791 3406 invidiae
808 3341 1000 3426 ingratorum
1018 3338 1133 3402 civium

107 3431 267 3510 cessisset,
284 3431 464 3517 bellumque
480 3433 725 3500 Lacedaemonii
737 3431 985 3499 Atheniensibus
1002 3432 1133 3497 indixis-

109 3534 191 3602 sent,
209 3526 375 3593 confestim
391 3537 484 3594 notae
501 3529 568 3594 eius
582 3529 705 3594 virtutis
724 3528 913 3594 desiderium
930 3537 1132 3593 consecutum

109 3628 170 3684 est.
194 3617 299 3702 itaque
316 3630 388 3706 post
405 3644 522 3686 annum
540 3623 697 3706 quintum,
716 3644 811 3707 quam
828 3621 978 3707 expulsus
997 3631 1076 3699 erat,
1098 3620 1130 3684 in
1149 3640 1164 3686 a

106 3712 243 3798 patriam
259 3725 423 3780 revocatus
441 3724 498 3781 est.
525 3716 592 3794 ille,
610 3717 696 3800 quod
712 3715 848 3800 hospitio
865 3713 1132 3781 Lacedaemonio-

108 3830 180 3872 rum
201 3807 359 3887 utebatur,
382 3811 480 3876 satius
503 3811 685 3876 existimans
708 3819 780 3876 cont
768 3811 895 3876 tendere
915 3810 1132 3876 Lacedaemo·
1213 3810 1233 3822 ⁹

106 3924 191 3979 nem,
211 3925 269 3968 sua
287 3913 397 3987 sponte
411 3915 458 3970 est
475 3904 635 3990 profectus
648 3926 820 3990 pacemque
833 3905 914 3968 inter
927 3904 1077 3967 duast
1022 3909 1077 3985 pot
1078 3922 1131 3965 en-

105 3995 245 4063 trssrmas
256 3996 396 4062 crutates
406 3998 589 4064 conciliavit.
607 4008 688 4085 post,
702 4020 803 4082 neque
812 3999 856 4062 ιιι
864 3996 972 4072 mulo
931 3993 1129 4080 Cyprum
1148 4015 1163 4062 4

161 4097 247 4141 curaer
239 4109 274 4140 rar
283 4094 363 4149 Nepos.
899 4095 921 4146 ‘h
934 4132 938 4141 .
