2564 4410
528 252 719 312 EUMENES.
1095 246 1137 312 65

113 373 226 440 nacula
242 379 351 457 posset
367 368 532 455 perveniri.
561 390 693 452 quarum
706 367 831 436 brevior
846 394 904 458 per
920 372 990 438 loca
1002 373 1135 453 deserta,
1155 392 1171 442 5

113 489 195 552 quae
212 488 305 531 nemo
322 462 478 529 incolebat
494 471 622 548 propter
635 485 736 547 aquae
753 465 900 553 inopiam,
920 476 1058 533 ceterum
1069 469 1137 535 die-

110 585 183 627 rum
201 569 267 625 erat
283 559 350 624 fere
367 557 477 622 decem
482 581 491 635 3
508 556 564 620 illa
576 566 691 634 autem,
710 579 773 641 qua
785 580 894 626 omnes
908 561 1134 641 commeabant,

110 654 209 719 altero
223 662 309 718 tanto
324 650 499 737 longiorem
507 649 644 719 habebat
657 650 842 730 anfractum,
862 653 919 718 sed
932 664 999 719 erat
1008 657 1136 740 copiosa

109 748 315 830 omniumque
331 750 436 815 reruni
453 744 626 810 abundans.
652 745 712 811 hac
727 746 754 810 si
771 746 1027 832 proficisceretur,
1045 750 1136 815 intel·
1154 770 1168 818 6

110 841 230 928 ligebat
246 840 332 926 prius
351 839 545 923 adversarios
559 835 727 905 rescituros
745 842 784 905 de
799 862 857 907 suo
875 841 1021 921 adventu,
1040 866 1136 927 quam

111 938 181 1022 ipse
199 935 321 999 tertiam
341 942 463 1019 partem
480 933 668 998 confecisset
684 934 803 1000 itineris
808 960 818 1014 ς
842 936 892 1000 sin
908 958 965 1022 per
980 937 1051 1002 loca
1068 938 1136 1003 sola

110 1029 325 1106 contenderet,
350 1024 496 1112 sperabat
513 1048 548 1092 se
570 1027 801 1112 imprudentem
821 1028 946 1094 hostem
967 1053 1136 1116 oppressu-

109 1147 191 1188 rum.
218 1122 259 1188 ad
276 1122 358 1187 hanc
370 1143 438 1186 rem
452 1120 676 1186 conficiendam
693 1122 858 1207 imperavit
870 1145 966 1207 quam
982 1124 1133 1210 plurimos
1153 1147 1166 1194 t

109 1227 195 1282 utres
214 1226 307 1300 atque
331 1215 425 1280 etiam
443 1215 560 1295 culleos
579 1217 766 1301 comparari,
788 1226 861 1302 post
877 1217 956 1298 haec
972 1218 1133 1303 pabulum,

108 1321 271 1396 praeterea
293 1309 409 1376 cibaria
431 1318 519 1375 cocta
540 1309 661 1373 dierum
684 1310 807 1387 decem,
834 1320 986 1395 utquam
1007 1312 1135 1376 minime

109 1405 199 1469 fieret
219 1404 302 1491 ignis
319 1404 353 1467 in
370 1403 490 1469 castris.
524 1401 627 1489 [item]
647 1403 718 1482 iter,
746 1405 831 1488 quod
848 1404 997 1483 habebat,
1025 1427 1134 1470 omnes

108 1498 200 1562 celat,
228 1498 273 1562 sic
289 1505 427 1582 paratus,
446 1517 509 1578 qua
526 1498 737 1575 constituerat,
754 1497 971 1582 proficiscitur.

161 1591 225 1655 IX.
253 1590 429 1654 Dimidium
451 1589 518 1653 fere
540 1590 676 1673 spatium
694 1590 880 1669 confecerat,
899 1615 971 1657 cum
988 1616 1029 1660 ex
1046 1592 1134 1659 fumo
1154 1616 1166 1660 1

105 1694 284 1750 castrorum
306 1683 373 1748 eius
397 1676 533 1767 euspicio
556 1682 650 1747 allata
671 1692 719 1747 est
736 1683 777 1747 ad
794 1684 984 1763 Eumenem,
1012 1686 1135 1752 hostem

105 1777 380 1862 appropinquare„
397 1775 586 1841 conveniunt
597 1776 708 1855 duces3
727 1798 885 1860 quaerere,
904 1773 979 1862 quid
997 1801 1076 1865 opus
1094 1782 1135 1845 sit

108 1872 205 1937 facto.
240 1869 456 1956 intelligebant
472 1892 595 1947 omnes,
619 1877 684 1945 tam
706 1870 846 1936 celeriter
867 1871 973 1956 copias
994 1871 1135 1957 ipsorum

110 1964 253 2030 contrahi
270 1988 335 2031 non
350 1986 454 2049 posse,
474 1985 568 2047 quam
585 1962 767 2050 Antigonus
786 1963 940 2030 affuturus
958 1964 1133 2031 videbatur.

108 2058 161 2123 hic
175 2058 320 2124 omnibus
343 2057 548 2123 titubantibus
567 2066 599 2122 et
616 2058 654 2122 de
676 2057 771 2123 rebus
790 2059 921 2124 summis
939 2059 1166 2145 desperanti-2

108 2155 170 2220 bus
187 2153 347 2219 Eumenes
370 2153 426 2231 ait,
450 2152 478 2217 si
499 2152 688 2218 celeritatem
705 2153 803 2218 velint
819 2152 966 2219 adhibere
984 2163 1015 2218 et
1036 2154 1135 2241 impe·,

108 2258 178 2314 rata
194 2248 312 2325 facere,
334 2247 420 2331 quod
437 2255 509 2312 ante
526 2269 590 2312 non
606 2245 751 2325 fecerint,
770 2269 888 2312 serem
905 2247 1133 2332 expediturum.

109 2366 183 2409 nam
200 2342 285 2428 quod
303 2342 413 2407 diebus
431 2341 568 2425 quinque
585 2340 684 2406 hostis
703 2342 853 2407 transisse
869 2350 988 2427 posset,
1007 2363 1041 2406 se
1059 2342 1136 2406 effe·
1159 2415 1160 2418 Ἴ

105 2447 242 2514 -cturum,
260 2446 375 2501 utnon
393 2435 497 2499 minus
515 2434 645 2499 totidem
658 2434 779 2500 dierum
797 2436 898 2520 spatio
911 2435 1132 2501 retardaretur:

107 2552 206 2615 quare
227 2531 438 2607 circumirent,
467 2551 541 2594 suas
564 2529 920 2613 quisque·contraheret
940 2530 1057 2616 copias.
1093 2530 1134 2594 ad
1152 2552 1166 2598 s

107 2624 263 2711 Antigoni
276 2633 381 2689 autem
393 2623 614 2688 refrenandum
627 2623 779 2708 impetum
792 2623 853 2689 tale
866 2624 949 2709 capit
958 2624 1131 2689 consilium.

108 2727 210 2783 certos
229 2719 322 2782 mittit
339 2717 481 2783 homines
499 2717 685 2783 ad-infimos
708 2726 844 2796 montes,
868 2717 922 2802 qui
940 2717 1025 2783 obvii
1047 2726 1135 2782 erant

105 2811 212 2877 itineri
233 2811 497 2889 adversariorum,
524 2810 636 2894 hisque
657 2811 823 2897 praecipit,
849 2821 885 2875 ut
909 2811 1011 2896 prima
1031 2820 1133 2888 nocte,

107 2928 206 2990 quam
221 2906 375 2972 latissime
391 2906 527 2991 possint,
555 2906 647 2992 ignes
665 2906 783 2972 faciant
799 2928 895 2991 quam
912 2906 1066 2972 maximos
1088 2916 1135 2972 at-

105 3022 171 3084 que
192 2999 252 3065 hos
274 3000 412 3065 secunda
433 2999 541 3086 vigilia
562 3000 718 3078 minuant,
741 3001 832 3066 tertia
852 3001 1041 3087 perexiguos
1063 3003 1134 3066 red·
1152 3020 1169 3065 4

107 3095 184 3159 dant
211 3103 242 3160 et
263 3094 447 3183 assimulata
474 3103 647 3159 castrorum
676 3095 900 3160 consuetudine
923 3095 1133 3180 suspicionem

107 3188 249 3254 iniiciant
271 3187 429 3266 hostibus,
456 3187 506 3253 his
524 3187 601 3253 locis
625 3210 695 3257 esse
717 3199 820 3254 castra
837 3211 875 3254 ac
892 3189 931 3253 de
954 3210 1062 3253 eorum
1079 3189 1135 3252 ad-

107 3291 206 3346 ventu
222 3303 293 3347 esse
311 3281 563 3367 praenuntiatum
568 3306 577 3359 ;
595 3282 741 3367 idemque
758 3292 885 3368 postera
897 3291 989 3347 nocte
1007 3281 1133 3347 faciant

106 3375 224 3460 quibus
242 3376 429 3461 imperatum
447 3386 522 3454 erat,
541 3376 707 3463 diligenter
717 3386 920 3462 praeceptum
928 3385 1047 3441 curant
1065 3374 1134 3441 An·
1152 3394 1167 3441 5

107 3471 235 3556 tigonus
253 3470 389 3536 tenebris
407 3470 526 3536 obortis
547 3471 639 3558 ignee
657 3472 869 3557 conspicatum
892 3470 999 3549 credit,
1017 3471 1057 3536 de
1075 3494 1133 3536 suo

106 3564 246 3629 adventu
263 3586 333 3631 esse
351 3564 493 3630 auditum
506 3574 538 3630 et
550 3565 746 3632 adversarios
763 3564 838 3630 illuc
852 3587 930 3630 suas.
941 3564 1132 3631 contraxisse

70 3661 73 3671 ’
103 3657 225 3743 copias.
252 3667 352 3724 mutat
365 3658 532 3724 consilium
545 3668 586 3738 et,
605 3659 754 3743 quoniam
771 3659 1001 3744 imprudentem
1019 3659 1133 3724 adoriri
1152 3675 1166 3722 c
1264 3722 1267 3727 .

106 3774 171 3817 non
188 3762 306 3838 posset,
323 3752 419 3818 flectit
435 3752 495 3817 iter
513 3774 605 3817 suum
618 3762 650 3819 et
667 3753 755 3819 illum
768 3753 944 3819 anfractum
960 3753 1133 3838 longiorem
1243 3776 1246 3781 ·

107 3846 255 3931 copiosae
273 3846 344 3910 viae
361 3845 445 3932 capit
465 3844 571 3930 ibique
589 3847 673 3912 diem
694 3869 793 3912 unum
810 3848 969 3934 opperitur
986 3846 1027 3911 ad
1043 3844 1134 3910 lassi-

106 3941 248 4007 tudinem
266 3941 437 4007 sedandam
454 3942 587 4008 militum
605 3965 642 4009 ac
659 3942 828 4009 reficienda
844 3945 991 4019 iumenta,
1010 3962 1072 4025 quo
1086 3939 1134 4005 in-

105 4036 242 4122 tegriore
260 4035 398 4101 exercitu
415 4036 604 4103 decerneret.

160 4134 361 4191 Corneliusllopoo.
914 4135 939 4187 b
966 4182 969 4187 .
