2564 4410
157 226 200 291 42
489 231 673 288 eoesnmr
686 214 849 288 Naroma

160 377 255 431 sares,
275 350 360 435 quod
374 358 405 415 et
419 371 514 422 manu
531 347 621 412 fortis
641 356 672 411 et
689 346 771 412 bello
786 355 931 411 strenuus
946 354 977 411 et
993 346 1062 435 regi
1079 346 1193 413 multis

159 449 235 514 locis
254 445 355 511 fidelis
374 452 440 508 erat
456 452 612 527 repertus,
631 439 741 505 habuit
758 441 952 529 provinciam
969 451 1091 527 partem
1110 440 1194 507 Cili-

126 564 141 610 2
160 530 332 608 ciae'iuxta
347 536 591 623 Cappadociam,
611 557 706 618 quam
723 535 864 600 incolunt
872 534 1058 621 Leucosyri.
1085 534 1195 601 Data-

160 657 227 700 mes
244 634 376 698 militare
394 653 509 717 munus
523 630 660 716 fungens
674 629 819 714 primum,
838 630 939 714 qualis
954 640 1046 707 esset,
1066 630 1194 715 aperuit

159 729 301 806 inbelle,
320 727 406 811 quod
422 747 478 791 rex
496 725 647 789 adversus
667 722 824 789 Cadusios
842 724 950 812 gessit.
982 746 1120 809 namque
1138 724 1195 791 hic

160 824 271 889 multis
284 822 410 887 milibus
428 812 586 907 regiorum
603 818 774 884 interfectis
792 820 900 905 magni
917 818 978 883 fuit
995 819 1063 884 eius
1082 828 1192 905 opera.

161 940 223 1001 quo
241 917 431 991 factumest,
453 910 527 1000 [ut]
547 935 619 976 cum
632 913 665 977 in
674 934 711 979 eo
724 912 808 977 bello
822 912 986 978 cecidisset
996 911 1193 992 Camisares,

160 1021 290 1097 patema
308 1010 337 1074 ei
354 1018 390 1073 ut
407 1009 580 1073 traderetur
596 1007 766 1092 provincia.

129 1130 141 1174 1
211 1104 256 1169 H.
283 1103 359 1167 Pari
377 1104 411 1168 se
424 1103 540 1166 virtute
551 1102 663 1186 postea
674 1100 827 1186 praebuit,
847 1118 921 1165 eum·
928 1099 1192 1187 Autophradates

162 1200 252 1264 iussu
260 1197 344 1284 regis
354 1196 438 1262 bello
447 1204 687 1282 persequeretur
696 1218 761 1272 eos,
777 1194 832 1279 qui
840 1194 1029 1259 defecerant.
1052 1217 1195 1281 namque

161 1292 254 1357 huius
276 1314 372 1377 opera
388 1290 511 1366 hostes,
535 1311 607 1353 cum
630 1297 732 1353 eastra
749 1289 812 1352 iam
829 1288 1013 1367 intrassent,
1031 1290 1195 1375 profligati
1241 1330 1244 1335 ·

163 1397 244 1463 sunt,
264 1384 480 1465 exercitusque
500 1381 639 1464 reliquus
654 1391 856 1446 conservatus
875 1382 959 1469 regis
978 1392 1035 1447 est
1062 1404 1128 1467 qua
1151 1404 1195 1449 ex

128 1504 143 1549 ρ
162 1501 196 1544 re
209 1476 379 1542 maioribus
392 1475 487 1540 rebus
500 1496 647 1563 praeesse
661 1476 772 1561 eoepit.
801 1484 867 1540 erat
880 1497 918 1541 eo
927 1485 1067 1561 tempore
1076 1476 1195 1563 Thuys

163 1576 312 1657 dynastes
321 1569 566 1655 Paphlagoniae,
586 1570 714 1653 antiquo
732 1592 856 1656 genere,
868 1579 954 1635 ortus
968 1570 1195 1656 aPylaemene

161 1667 230 1743 illo,
253 1680 347 1748 quem
364 1663 525 1728 Homerus
543 1662 658 1729 Troico
681 1664 763 1729 bello
785 1687 805 1728 a
822 1664 969 1729 Patroclo
990 1664 1195 1731 interfectum

128 1778 153 1831 3⁴
163 1760 215 1824 ait
242 1758 270 1823 is
283 1758 351 1845 regi
364 1757 447 1823 dicto
461 1757 592 1821 audiens
607 1780 671 1822 non
685 1767 759 1822 erat.
787 1779 882 1841 quam
892 1757 933 1823 ob
947 1780 1094 1824 caussam
1104 1758 1197 1825 bello

163 1877 235 1919 eum
252 1851 399 1941 persequi
417 1852 585 1928 constituit,
604 1851 695 1934 eique
712 1852 758 1916 rei
776 1851 1104 1936 praefecitDatamen‚
1117 1874 1195 1939 pro-

162 1948 315 2034 pinquum
332 1945 560 2031 Paphlagonis:
587 1967 723 2029 namque
746 1968 785 2010 ex
807 1946 902 2011 fratre
925 1956 956 2012 et
979 1952 1084 2013 sorore
1103 1956 1195 2013 erant

163 2042 237 2106 nati.
265 2062 360 2123 quam
378 2038 418 2105 ob
437 2061 582 2105 caussam
599 2039 754 2105 Datames
776 2041 912 2125 primum
930 2040 1064 2126 experiri
1080 2040 1193 2119 voluit,

164 2144 199 2198 ut
217 2133 284 2198 sine
303 2132 397 2197 armis
414 2133 625 2218 propinquum
639 2133 681 2198 ad
694 2134 833 2198 officium
846 2135 1017 2200 reduceret.
1041 2135 1083 2200 ad
1096 2157 1195 2220 quem

164 2250 236 2293 cum
253 2225 391 2291 venisset
409 2227 482 2292 sine¹
493 2227 659 2313 praesidio,
679 2229 763 2311 quod
780 2228 820 2292 ab
835 2228 936 2294 amieo
948 2229 1050 2295 nullas
1068 2250 1196 2295 verere·
1243 2242 1247 2249 '

128 2332 215 2393 4tur
235 2321 380 2399 insidias,
402 2343 502 2406 paene
524 2320 648 2386 interiit.
676 2345 750 2386 narn
768 2322 880 2408 Thuys
903 2344 976 2387 eum
994 2323 1075 2388 clam
1097 2323 1195 2389 inter·

164 2417 256 2481 ficere
273 2415 381 2481 voluit.
414 2425 481 2480 erat
496 2426 597 2480 mater
614 2439 685 2480 cum
694 2416 842 2495 Datame,
861 2417 957 2481 amita
965 2417 1194 2505 Paphlagonis.

67 2520 74 2535 ¹
130 2536 146 2581 5
166 2532 213 2587 ea,
231 2511 307 2592 quid
325 2519 477 2595 ageretur,
496 2510 601 2574 resciit
613 2510 775 2593 filiumque
792 2511 922 2575 monuit.
949 2510 1001 2577 ille
1014 2511 1093 2598 fuga
1109 2512 1196 2597 peri·

166 2603 271 2667 culum
289 2603 417 2667 evitavit
434 2602 613 2687 bellumque
631 2603 745 2667 indixit
763 2604 899 2688 Thuyni.
928 2604 962 2669 in
978 2627 1042 2688 quo
1059 2626 1133 2669 eum
1151 2604 1195 2671 ab

164 2695 394 2774 Ariobarzane,
417 2697 575 2781 praefecto
594 2697 719 2782 Lydiae
737 2707 768 2767 et
785 2698 894 2763 Ioniae
912 2699 1071 2782 totiusque
1088 2698 1196 2785 Phry-

165 2791 245 2875 giae,
265 2791 407 2855 desertus
422 2801 515 2868 esset,
534 2790 632 2855 nihilo
650 2792 779 2878 segnius
797 2793 1009 2877 perseveravit
1021 2792 1195 2877 rivumque

166 2884 283 2967 Thuyn
301 2885 383 2968 cepit
401 2906 472 2948 eum
491 2907 589 2949 uxore
607 2895 638 2950 et
654 2885 771 2951 liberis.

133 2996 146 3041 1
217 2976 280 3040 111.
313 2976 414 3042 Cuius
437 2977 513 3042 facti
535 3000 575 3042 ne
596 2979 683 3063 prius
706 2980 793 3044 fama
814 2981 856 3044 ad
876 3002 985 3067 regem
1006 3001 1102 3064 quam
1123 2980 1195 3065 ipse

165 3069 355 3156 perveniret,
378 3070 464 3134 dedit
482 3092 618 3155 operam.
649 3073 755 3155 itaque
773 3072 917 3138 omnibus
936 3073 1043 3138 inseiis
1058 3088 1115 3152 eo,
1137 3072 1197 3140 ubi

166 3174 233 3229 erat
249 3186 319 3242 rex,
342 3164 428 3228 venit
448 3173 637 3249 posteroque
659 3166 711 3230 die
729 3166 860 3252 Thuyn,
883 3166 1042 3232 hominem
1064 3166 1196 3232 maximi

166 3259 305 3343 corporis
328 3258 519 3343 terribilique
541 3258 636 3337 faeie,
655 3262 741 3343 quod
763 3271 795 3327 et
811 3262 901 3348 niger
918 3271 950 3327 et
968 3260 1081 3346 capillo
1098 3260 1197 3349 longo

166 3351 326 3436 barbaque
345 3360 411 3417 erat
431 3353 601 3438 promissa,
625 3353 744 3438 optima
760 3365 849 3420 veste
867 3356 958 3434 texit,
981 3377 1078 3439 quam
1096 3364 1198 3420 satra-

166 3467 226 3531 pae
247 3445 326 3530 regii
347 3468 456 3532 gerere
478 3457 680 3525 consuerant3
708 3448 830 3513 ornavit
852 3450 945 3514 etiam
968 3458 1078 3533 torque
1100 3458 1197 3532 atquc

132 3557 147 3604 2
168 3538 295 3604 armillis
314 3540 417 3604 aureis
435 3550 601 3625 ceteroque
622 3542 710 3628 regio
728 3543 829 3621 cultu3
855 3544 924 3629 ipse
942 3544 1060 3630 agresti
1077 3542 1198 3629 duplici

167 3631 302 3698 amiculo
320 3633 529 3701 circumdatus
546 3635 690 3719 hirtaque
709 3637 823 3714 tunica,
842 3659 954 3724 gerens
973 3636 1121 3722 incapite
1138 3660 1197 3723 ga·

167 3728 249 3792 leam
266 3726 473 3805 venatoriam,
497 3730 607 3794 dextra
624 3753 721 3794 manu
739 3730 869 3807 clavam,
894 3731 1020 3795 sinistra
1038 3730 1195 3816 copulam,

167 3820 378 3904 quavinctum
396 3830 467 3886 ante
486 3843 520 3887 se
530 3822 834 3911 Thuynem'agebat,
853 3833 889 3888 ut
903 3825 930 3889 si
943 3824 1043 3890 feram
1059 3824 1196 3891 bestiam

134 3932 150 3978 e
169 3926 292 4001 captam
314 3917 450 3983 duceret.
487 3940 582 4003 quem
604 3943 677 3984 omn
699 3940 807 3985 omnes
828 3919 1046 4006 conspicerent
1066 3928 1197 4007 propter

168 4010 338 4079 novitatem
360 4021 487 4080 ornatus
509 4014 713 4101 ignotamque
735 4014 884 4095 sormam,
912 4015 953 4083 ob
976 4036 1108 4101 eamque
1126 4037 1195 4081 rem
