2564 4410
353 254 387 310 T.
401 254 622 313 POMPONIUS
636 253 808 312 ATTICUS.
1051 245 1092 310 93

120 370 217 436 XVI.
245 370 460 435 Humanitatis
474 392 549 435 vero
566 369 687 434 nullum
704 369 815 434 afferre
833 369 933 435 maius
953 372 1093 437 testimo·
1112 393 1124 439 1

68 467 158 531 nium
184 486 328 549 possum,
355 485 451 547 quarn
475 463 562 546 quod
583 463 764 527 adolescens
785 463 870 528 idem
892 463 959 528 seni
984 461 1091 530 Sullae

69 558 165 624 fuerit
191 556 451 633 iucundissimus,
479 577 576 620 senex
603 555 793 621 adolescenti
809 555 857 619 M.
875 555 990 634 Bruto,
1018 579 1092 622 cum
1145 585 1154 633 t

70 649 254 736 aequalibus
272 660 377 715 autem
395 649 471 727 suis,
491 647 532 730 Q.
550 648 722 714 Hortensio
740 658 771 713 et
787 647 835 713 M.
855 648 1022 729 Cicerone,
1046 653 1092 717 sic
1139 638 1148 737 ,l

70 744 192 821 vixerit,
210 754 246 808 ut
258 744 397 808 iudicare
409 742 538 809 difficile
552 743 601 821 sit,
620 743 672 806 cui
684 743 778 807 aetati
790 742 884 807 fuerit
897 744 1089 828 aptissimus.
1135 744 1142 825 ἕ

69 859 262 922 quamquam
280 860 352 903 eum
369 837 536 923 praecipue
550 836 658 902 dilexit
668 836 790 914 Cicero,
808 846 843 902 ut
859 860 899 902 ne
912 838 1008 903 frater
1021 841 1090 923 qui-
1108 861 1123 906 a

70 932 144 997 dem
161 933 191 996 ei
208 930 346 1015 Quintus
369 931 470 997 carior
489 931 584 996 fuerit
601 940 655 995 aut
677 930 867 996 familiarior.
899 933 928 997 ei
949 933 995 998 rei
1017 944 1124 999 sunta

69 1024 185 1090 indicio
197 1034 383 1110 praetereos
396 1023 502 1101 libros,
521 1023 681 1107 inquibus
696 1024 735 1088 de
749 1046 787 1089 eo
801 1023 876 1088 facit
889 1026 1089 1103 mentionem,

68 1118 125 1201 qni
146 1118 180 1182 in
197 1118 313 1204 vulgus
336 1127 409 1213 sunt
431 1117 519 1195 editi,
541 1117 687 1182 undecim
708 1117 868 1181 volumina
889 1118 1091 1203 epistolarum

69 1210 111 1276 ab
129 1202 294 1276 consulatu
311 1212 377 1277 eius
396 1232 496 1294 usque
513 1211 554 1275 ad
567 1220 741 1275 extremum
758 1219 881 1295 tempus
897 1211 938 1274 ad
946 1209 1089 1277 Atticum

69 1304 238 1369 missarum
242 1329 252 1382 ;
270 1326 351 1388 quae
364 1304 418 1387 qui
430 1304 524 1390 legat,
539 1326 602 1369 non
614 1304 748 1368 multum
761 1303 915 1369 desideret
928 1304 1090 1370 historiam

56 1407 249 1463 ¹contextam
269 1399 394 1465 illorum
415 1409 600 1483 temporum.
633 1399 679 1463 sic
696 1399 780 1463 enim
797 1399 902 1464 omnia
919 1399 958 1464 de
978 1400 1088 1464 studiis
1108 1423 1124 1467 4

67 1491 260 1576 principum,
286 1493 370 1556 vitiis
392 1493 522 1568 dueum,
544 1490 767 1556 mutationibus
789 1493 834 1556 rei
854 1490 999 1577 publicae
1020 1514 1091 1577 per-

69 1585 187 1670 scripta
205 1595 292 1662 sunt,
315 1594 350 1649 ut
366 1585 445 1648 nihil
461 1585 495 1648 iu
511 1584 561 1648 his
579 1606 642 1648 non
659 1594 808 1670 appareat
825 1595 856 1650 et
873 1585 965 1651 facile
984 1588 1090 1651 existi-

67 1679 150 1743 mari
166 1678 280 1762 possit,
303 1678 501 1763 prudentiam
519 1677 748 1761 quodammodo
767 1700 837 1743 esse
854 1678 1089 1744 divinationem.

67 1771 237 1836 nonenim
256 1769 367 1849 Cicero
386 1792 424 1835 ea
442 1770 557 1848 solum,
579 1792 659 1854 quae
677 1771 750 1835 vivo
773 1793 807 1836 se
825 1771 1017 1850 acciderunt,
1040 1773 1090 1837 fu-

68 1874 141 1929 tura
158 1865 325 1950 praedixit,
349 1865 406 1931 sed
423 1865 517 1930 etiam
534 1886 615 1948 quae
632 1886 716 1930 nunc
733 1887 794 1929 usu
811 1866 954 1943 ueniunt,
979 1867 1091 1931 cecinit

67 1966 105 2021 ut
122 1966 221 2022 vates.

120 2050 234 2116 XVII.
260 2053 314 2117 De
330 2053 445 2138 pietate
464 2062 568 2116 autem
580 2049 680 2116 Attici
697 2053 773 2136 quid
793 2051 884 2137 plura
901 2073 1090 2118 commemo·
1109 2075 1121 2119 1

67 2145 155 2208 rem?
177 2167 249 2208 cum
266 2146 326 2211 hoc
347 2147 452 2232 ipsum
469 2167 541 2211 vere
558 2145 743 2232 gloriantem
760 2145 912 2211 audierim
929 2146 961 2210 in
979 2145 1089 2212 funere

68 2237 178 2302 matris
197 2260 287 2317 suae,
306 2261 402 2323 quam
419 2239 530 2305 extulit
547 2261 699 2304 annorum
717 2240 897 2326 nonaginta,
916 2262 988 2305 cum
1005 2252 1089 2305 esset
1182 2312 1186 2319 .

69 2339 192 2415 septem
209 2341 240 2397 et
258 2333 435 2418 sexaginta,
459 2355 492 2397 se
510 2355 680 2416 numquam
698 2354 770 2398 cum
792 2342 889 2398 matre
906 2334 940 2396 in
956 2335 1089 2419 gratiam

67 2423 201 2502 redisse,
224 2448 396 2509 numquam
413 2447 485 2489 cum
504 2447 608 2491 sorore
629 2426 728 2490 fuisse
750 2426 783 2489 in
800 2424 971 2502 simultate,
994 2447 1088 2508 quam
1136 2432 1141 2441 '

67 2539 167 2602 prope
189 2519 353 2602 aequalem
374 2518 519 2584 habebat.
554 2518 638 2602 quod
661 2526 709 2583 est
731 2519 869 2605 signum,
892 2527 946 2583 aut
969 2519 1088 2583 nullam
1106 2508 1134 2587 a'

68 2631 220 2694 umquam
237 2612 384 2677 intereos
398 2612 624 2696 querimoniam
641 2610 864 2688 intercessisse,
884 2621 937 2676 aut
954 2611 1037 2676 hunc
1051 2634 1088 2676 ea

67 2702 168 2768 fuisse
184 2705 218 2768 in
236 2727 310 2770 suos
328 2706 531 2792 indulgentia,
549 2716 593 2783 ut,
613 2727 691 2789 quos
710 2727 814 2770 amare
831 2705 971 2782 deberet,
995 2706 1088 2769 irasci

67 2797 114 2861 cis
128 2796 217 2863 nefas
230 2798 367 2865 duceret.
394 2821 496 2884 neque
509 2800 542 2863 id
555 2800 630 2864 fecit
642 2808 753 2863 natura
767 2799 878 2874 solum,
897 2820 1087 2882 quamquam
1105 2822 1120 2868 3

67 2913 177 2957 omnes
191 2892 220 2957 ei
231 2914 386 2978 paremus,
402 2894 458 2958 sed
471 2894 565 2958 etiam
578 2892 727 2958 doctrina.
754 2915 826 2957 narn
838 2889 897 2978 [et]
912 2893 1087 2977 principum
1186 2894 1200 2959 l

67 2984 325 3070 philosophorum
349 2987 394 3050 ita
414 2997 561 3072 percepta
586 2985 695 3051 habuit
715 2995 892 3072 praecepta,
919 2986 1025 3051 uthis
1047 2987 1088 3050 ad
1126 2920 1146 3063 l
1179 2986 1184 3004 “

67 3078 166 3143 vitam
184 3080 347 3164 agendam,
366 3102 430 3146 non
448 3081 488 3145 ad
506 3080 744 3145 ostentationem
762 3089 907 3144 uteretur.

119 3172 250 3241 XVIII.
281 3174 382 3240 Moris
405 3177 499 3241 etiam
525 3176 678 3241 maiorum
700 3197 841 3240 summus
866 3175 1002 3239 imitator
1027 3173 1087 3237 fuit
1107 3193 1118 3238 1

68 3267 322 3352 antiquitatisque
344 3279 476 3346 amator,
500 3291 595 3352 quarn
617 3268 695 3333 adeo
718 3268 883 3353 diligenter
903 3266 1014 3332 habuit
1035 3289 1087 3332 co·

66 3359 197 3445 gustam,
214 3371 250 3426 ut
263 3385 334 3427 eam
350 3372 448 3427 totam
465 3363 498 3426 in
515 3383 552 3427 eo
566 3361 723 3427 volumine
738 3361 925 3446 exposuerit,
944 3382 1006 3444 quo
1019 3383 1086 3424 ma-

67 3455 217 3541 gistratus
235 3456 364 3522 ornavit.
395 3456 481 3521 nulla
499 3456 581 3520 enim
602 3457 668 3532 lex,
691 3476 792 3538 neque
809 3477 881 3540 pax,
899 3476 1001 3539 neque
1019 3454 1085 3520 bel·
1104 3476 1118 3522 2

66 3547 147 3625 lum,
169 3571 271 3634 neque
287 3573 338 3616 res
360 3550 489 3615 illustris
507 3561 556 3615 est
572 3550 679 3636 populi
695 3548 844 3624 Romani,
867 3570 947 3632 quae
969 3571 1033 3615 non
1053 3551 1087 3614 in

67 3662 105 3707 eo
124 3646 182 3708 su'o
201 3653 340 3731 tempore
357 3645 398 3709 sit
414 3653 535 3722 notata-3
553 3655 598 3721 et,
616 3644 701 3728 quod
718 3642 935 3707 difficillimum
952 3642 1021 3719 fuit,
1041 3644 1086 3707 sic

66 3733 256 3801 familiarum
268 3739 419 3825 originem
438 3736 606 3814 subtexuit,
625 3751 660 3800 ut
677 3758 717 3801 ex
731 3758 767 3800 eo
782 3735 935 3801 clarorum
947 3736 1085 3799 virorum

65 3830 254 3915 propagines
277 3832 435 3916 possimus
454 3851 652 3917 cognoscere.
685 3828 836 3894 fecithoc
858 3829 941 3894 idem
960 3849 1085 3912 separa-
1104 3848 1118 3891 a

65 3922 124 3986 tim
140 3923 174 3986 in
192 3922 261 3987 aliis
279 3923 381 4002 libris,
399 3935 435 3989 ut
451 3923 499 3988 M.
517 3923 610 3987 Bruti
626 3933 738 4009 rogatu
755 3922 880 3987 Iuniam
896 3919 1048 3985 familiam
1066 3943 1086 3984 a

64 4016 162 4101 stirpe
177 4016 218 4081 ad
235 4017 316 4082 hanc
333 4026 466 4083 aetatem
480 4017 587 4083 ordine
602 4015 835 4094 enumeraverit,
854 4023 976 4091 notans,
994 4013 1049 4096 qui
1067 4037 1087 4078 a
