2564 4410
142 217 184 283 28
474 227 657 287 CORNELII
671 231 838 288 NEPOTIS

141 346 219 411 nihil
239 347 273 411 in
293 344 376 411 bello
398 353 538 428 oportere
561 345 729 423 contemni,
752 368 853 431 neque
876 349 942 415 sine
960 372 1074 418 caussa
1093 354 1169 435 dici,

107 463 125 508 4
142 451 273 505 matrem
285 438 385 504 timidi
402 438 475 503 flere
487 461 552 504 non
569 439 677 504 solere.
703 462 805 525 neque
822 452 927 508 tamen
943 466 1001 530 pro
1018 448 1170 533 opinione

144 532 334 620 Thrasybuli
351 542 460 597 auctae
479 542 552 598 sunt
568 555 654 618 opes.
681 557 755 599 nam
771 535 835 600 iam
853 546 919 601 tum
936 539 998 605 illis
1016 546 1170 628 tempori-

141 627 201 694 bus
223 627 336 693 fortius
359 624 433 691 boni
454 648 512 712 pro
533 626 675 692 libertate
696 628 903 712 loquebantur
925 654 1020 716 quam
1041 657 1170 723 pugna-

106 722 225 790 sbant
260 721 334 786 hinc
354 721 388 784 in
408 720 557 786 Piraeum
582 722 703 786 transiit
724 722 993 810 Munychiamque
1019 732 1167 798 munivit.
1227 770 1231 777 ·

140 814 287 881 hanchis
305 814 428 899 tyranni
446 836 627 900 oppugnare
650 825 723 880 sunt
740 817 840 881 adorti
858 817 898 883 ab
916 842 1015 904 eaque
1033 825 1168 909 turpiter

140 910 257 996 repulsi
273 909 415 996 protinus
433 909 467 973 in
482 907 593 974 urbem
615 910 709 975 armis
726 910 1019 998 impedimentisque
1037 917 1167 985 amissis

108 1005 333 1092 trefugeruut
369 1026 446 1070 usus
469 1013 517 1068 est
539 1002 756 1088 Thrasybulus
778 1028 843 1070 non
868 1008 971 1073 minus
997 1012 1167 1094 prudentia

139 1123 235 1184 quam
252 1099 442 1165 fortitudine.
467 1121 542 1163 nam
559 1099 705 1164 cedentes
720 1100 828 1165 violari
845 1103 956 1167 vetuit:
975 1104 1061 1170 cives
1079 1107 1166 1172 enim

140 1193 260 1259 civibus
273 1214 401 1279 parcere
414 1214 549 1276 aequum
562 1190 718 1256 censebat.
736 1215 838 1276 neque
852 1196 1020 1280 quisquam
1032 1208 1082 1263 est
1094 1200 1167 1264 vul.

138 1298 279 1365 aeratus,
298 1287 360 1351 nisi
375 1286 430 1370 qui
447 1285 532 1371 prior
547 1285 733 1370 impugnare
750 1287 857 1352 voluit.
884 1289 1042 1361 neminem
1058 1292 1168 1358 iacen-

138 1393 202 1448 tem
219 1392 306 1447 veste
325 1380 468 1467 spoliavit
473 1405 482 1458 ;
500 1379 545 1443 nil
562 1379 677 1466 attigit,
695 1380 757 1444 nisi
773 1404 872 1460 arma,
891 1404 1024 1466 quorum
1041 1385 1166 1474 indige-

106 1499 120 1544 7
139 1476 208 1553 bat,
231 1496 374 1560 quaeque
397 1474 437 1539 ad
458 1473 576 1538 victum
597 1472 802 1558 pertinebant.
829 1475 862 1540 in
884 1477 1021 1543 secundo
1043 1481 1164 1565 proelio

139 1571 251 1635 cecidit
269 1567 398 1646 Critias,
417 1569 482 1632 dux
500 1577 715 1652 tyrannorum,
735 1590 807 1633 cum
825 1570 952 1653 quidem
970 1573 1164 1642 exadversus

139 1662 372 1749 Thrasybulum
389 1661 558 1727 fortissime
576 1671 738 1748 pugnaret.

105 1779 119 1825 1
189 1759 252 1823 III.
278 1757 352 1823 Hoc
374 1757 494 1822 deiecto
514 1755 690 1820 Pausanias
712 1757 798 1820 venit
814 1755 930 1823 Atticis
952 1760 1083 1840 auxilio,
1106 1784 1164 1828 rex

137 1851 471 1918 Lacedaemoniorum.
496 1850 524 1914 is
542 1851 623 1914 inter
641 1849 875 1936 Thrasybulum
897 1862 928 1916 et
945 1875 1014 1933 eos,
1037 1855 1094 1938 qui
1111 1879 1166 1922 ur-

137 1946 210 2013 bem
223 1946 379 2023 tenebant,
398 1943 473 2009 fecit
484 1965 604 2028 pacem,
623 1943 673 2008 his
691 1944 933 2013 conditionibus:
952 1968 992 2012 ne
1005 1949 1060 2032 qui
1071 1972 1166 2036 prae-

137 2051 185 2108 ter
201 2042 328 2127 triginta
345 2049 493 2125 tyrannos
512 2048 544 2103 et
560 2038 679 2116 decem,
698 2039 752 2123 qui
768 2051 878 2126 postea
889 2051 1047 2128 praetores
1066 2047 1166 2111 creati

138 2135 305 2219 superioris
326 2156 412 2198 more
435 2131 623 2197 crudelitatis
647 2142 734 2198 erant
751 2135 814 2212 usi,
837 2135 1035 2202 afficerentur
1056 2139 1163 2219 exilic,

136 2249 217 2292 neve
238 2226 321 2292 bona
341 2225 586 2312 publicarentur;
611 2227 658 2291 rei
678 2225 822 2312 publicae
847 2231 1022 2314 procuratio
1043 2234 1165 2318 populo

103 2340 119 2386 a
136 2322 325 2387 redderetur.
351 2322 546 2408 praeclarum
562 2321 623 2386 hoc
639 2343 764 2406 quoque
782 2322 987 2408 Thrasybuli,
1010 2328 1095 2410 quod
1112 2351 1165 2394 re-

137 2417 300 2482 conciliata
320 2439 412 2503 pace,
436 2438 507 2482 cum
528 2416 697 2502 plurimum
713 2417 747 2481 in
768 2417 892 2482 civitate
913 2428 1034 2503 posset,
1055 2420 1164 2509 legem

137 2512 219 2589 tulit,
242 2535 282 2576 ne
300 2513 370 2595 quis
388 2521 618 2577 anteactarum
638 2533 742 2575 rerum
764 2522 963 2578 accusaretur
983 2535 1062 2578 neve
1079 2516 1165 2581 mul·

102 2624 118 2671 3
136 2615 266 2684 taretur3
280 2628 411 2689 eamque
424 2606 469 2669 illi
482 2604 647 2670 oblivionis
660 2604 863 2690 appellarunt.
881 2629 984 2690 neque
997 2629 1071 2673 vero
1078 2608 1164 2675 hanc

136 2709 257 2764 tautum
279 2698 441 2763 ferendam
464 2698 596 2776 amavit,
620 2698 805 2776 sedetiam,
832 2709 868 2764 ut
888 2700 1018 2778 valeret,
1045 2701 1163 2769 effecit.

135 2817 209 2858 nam
222 2816 295 2859 cum
303 2793 431 2877 quidam
445 2815 484 2858 ex
496 2791 545 2869 iis,
564 2792 619 2876 qui
632 2791 725 2856 simul
739 2813 811 2857 cum
823 2814 860 2858 eo
873 2793 907 2857 in
919 2794 1012 2858 exilio
1024 2794 1163 2875 fuerant,

136 2888 378 2953 caedcmfaoere
391 2909 498 2952 eorum
507 2886 630 2965 vellent,
641 2908 713 2951 cum
721 2886 834 2970 quibus
844 2887 877 2951 in
885 2889 1016 2974 gratiam
1025 2890 1163 2956 reditum

135 2990 202 3046 erat
213 2979 346 3066 publice,
364 2980 522 3066 prohibuit
535 2990 565 3045 et
577 2981 619 3057 id,
638 2981 723 3064 quod
735 2980 890 3065 pollicitus
904 2992 977 3059 erat,
995 2983 1161 3068 praestitit.

102 3096 114 3142 1
185 3073 244 3140 IV.
271 3073 358 3139 Huic
378 3096 436 3160 pro
458 3075 551 3138 tantis
573 3074 691 3139 meritis
716 3074 844 3140 honoris
866 3098 981 3141 corona
1001 3100 1022 3141 a
1041 3078 1163 3163 populo

136 3169 209 3235 data
226 3177 283 3247 est,
302 3168 387 3233 facta
399 3167 522 3233 duabus
534 3168 664 3254 virgulis
678 3168 839 3255 oleaginis,
858 3191 952 3254 quam
970 3171 1055 3254 quod
1072 3194 1165 3239 amor

135 3264 251 3329 civium
264 3272 295 3329 et
307 3285 371 3329 non
383 3263 432 3328 vis
447 3277 652 3349 expresserat,
665 3263 783 3328 nullam
796 3262 905 3328 habuit
912 3265 1061 3329 invidiam
1070 3288 1163 3354 mag-

101 3376 117 3423 2
136 3380 238 3442 nsque
255 3358 316 3423 fuit
331 3358 440 3445 gloria.
467 3357 548 3424 bene
566 3379 641 3444 ergo
654 3356 796 3423 Pittacus
812 3357 873 3436 ille,
892 3358 947 3442 qui
961 3356 1023 3445 [in]
1038 3369 1162 3445 septem

135 3452 310 3537 sapientum
331 3475 461 3519 numero
483 3462 531 3518 est
552 3450 693 3529 habitus,
718 3474 790 3517 cum
806 3450 991 3538 Mytilenaei
1009 3453 1038 3517 ei
1059 3453 1163 3521 multa

133 3546 220 3610 milia
228 3544 371 3632 iugerum
383 3547 451 3634 agri
459 3569 589 3611 munera
602 3545 719 3623 darent,
735 3546 867 3625 „Nolite
881 3568 935 3611 oro
944 3550 1032 3623 vos,“
1046 3547 1160 3631 inquit,

135 3640 187 3721 „id
204 3639 282 3705 mihi
299 3639 387 3719 dare,
406 3643 491 3724 quod
507 3640 598 3706 multi
615 3641 788 3718 invideant,
806 3640 912 3726 plures
930 3641 1024 3705 etiam
1043 3662 1162 3706 concu-

133 3735 269 3820 piscant:
289 3756 384 3818 quare
402 3736 527 3800 existis
544 3735 617 3800 nolo
635 3734 768 3820 amplius
782 3756 877 3819 quam
894 3744 1020 3799 centum
1037 3735 1159 3821 iugera,

133 3851 215 3913 quae
237 3837 269 3895 et
290 3850 393 3895 meam
420 3829 515 3894 animi
541 3828 729 3913 aequitatem
752 3838 782 3894 et
806 3837 940 3893 vestram
965 3827 1161 3893 voluntatem

132 3922 269 3988 indicent
274 3947 283 4001 3
309 3945 383 3988 nam
399 3944 497 4008 parva
514 3945 643 3987 munera
665 3923 798 4000 diutina,
819 3920 986 4007 locupletia
1005 3943 1069 3987 non
1085 3944 1161 4007 pro-

96 4034 115 4083 ³
131 4016 201 4103 pria
217 4039 288 4083 esse
301 4020 520 4084 consuerunt.“
538 4017 591 4082 illa
604 4015 700 4102 igitur
712 4038 827 4083 corona
840 4024 1003 4081 contentus
1017 4013 1161 4101 Thrasy-
