2564 4410
554 214 661 272 DION.
1078 208 1120 273 33

91 330 253 397 hominem
271 329 407 395 amicum
424 353 489 395 non
506 329 608 416 magis
626 338 759 414 tyranno
777 352 872 414 quam
890 334 1040 418 tyrannis.
1064 336 1120 400 sed
1227 412 1229 419 .

91 428 132 493 de
150 428 211 493 hoo
228 428 262 490 in
279 448 317 492 eo
334 426 414 491 libro
436 426 527 512 plura
549 435 623 493 sunt
645 425 801 511 exposita,
825 428 879 512 qui
901 429 940 493 de
962 428 1119 495 historicis

91 520 224 589 Graecis
241 519 442 607 ‘conscriptus
466 530 522 585 est.
545 518 643 615 xPlato
666 529 771 586 autern
792 531 915 587 tantum
937 523 1022 609 apud
1039 524 1119 588 Dio·
1138 545 1153 593 3

88 616 218 702 nysium
236 615 417 680 auctoritate
439 614 541 700 potuit
557 613 717 697 valuitque
738 615 928 699 eloquentia,
950 628 986 681 ut
1003 618 1032 683 ei
1048 641 1120 705 per-

88 709 234 785 suaserit,
250 707 423 795 tyrannidis
436 708 540 773 facere
553 707 650 772 finem
662 706 899 793 libertatemque
911 709 1042 775 reddere
1057 709 1120 796 Sy-

87 803 267 881 racusanis3
289 826 309 867 a
326 824 389 886 qua
411 802 570 868 voluntate
587 800 714 880 Philisti
732 802 861 869 oonsilio
880 802 1043 869 deterritus
1062 805 1119 868 ali-

48 918 51 922 *
87 908 209 980 quanto
227 897 381 962 crudelior
399 918 469 962 esse
488 896 599 982 coepit.

142 989 200 1055 IV.
229 990 294 1072 Qui
316 989 444 1074 quidem
466 1012 538 1054 cum
556 1013 576 1054 a
592 989 698 1055 Dione
719 1012 754 1055 se
773 992 913 1077 superari
934 992 1054 1058 videret
1071 993 1151 1060 in-r
1254 1027 1260 1040 ·

85 1084 198 1170 genio,
222 1084 419 1161 auctoritate,
443 1105 548 1148 amore
565 1082 688 1169 populi,
710 1105 822 1148 verens
845 1107 899 1162 ne,
923 1086 1046 1151 sicum
1069 1109 1118 1152 se·
1231 1152 1258 1173 Ι,

90 1200 164 1242 oum
185 1176 328 1254 haberet,
352 1176 489 1261 aliquam
512 1177 707 1242 occasionem
731 1177 781 1242 sui
802 1178 891 1242 daret
912 1179 1117 1264 opprimendi,

86 1294 204 1337 navem
231 1271 261 1336 ei
285 1272 443 1336 triremem
469 1271 568 1349 dedit,
599 1293 663 1354 qua
690 1269 877 1337 Corinthum
903 1272 1117 1350 deveheretur,

87 1366 273 1444 ostendens,
297 1389 331 1431 se
353 1366 386 1431 id
407 1366 570 1449 utriusque
591 1366 696 1430 facere
718 1388 843 1444 caussa,
866 1379 920 1445 ne,
943 1389 1016 1432 cum
1037 1367 1119 1432 inter

89 1482 125 1525 se
146 1461 304 1537 timerent,
328 1460 474 1525 alteruter
496 1459 629 1524 alterum
649 1470 901 1547 praeoccuparet.
928 1460 962 1525 id
979 1483 1052 1526 oum
1069 1461 1150 1529 faa

88 1564 176 1619 ctum
193 1553 285 1618 multi
301 1554 552 1638 indignarentur,
573 1575 770 1638 magnaeque
792 1564 898 1620 essent
914 1555 1051 1620 invidiae
1069 1565 1118 1640 ty-

85 1670 197 1724 ranno,
216 1647 392 1729 Dionysius
410 1646 524 1723 omnia,
543 1668 623 1729 quae
641 1647 760 1711 moveri
776 1657 919 1732 poterant
935 1648 1065 1727 Dionis,
1084 1651 1118 1713 in

87 1762 187 1805 naves
204 1739 354 1825 imposuit
372 1739 413 1804 ad
435 1749 569 1823 eumque
586 1739 680 1804 misit.
708 1739 754 1804 sio
772 1741 855 1805 enirn
873 1741 1044 1807 existimari
1062 1765 1118 1806 vo-

85 1833 186 1911 lebat,
214 1834 248 1898 id
270 1856 304 1898 se
325 1855 390 1898 non
412 1834 485 1898 odio
510 1834 660 1911 hominis,
688 1835 745 1899 sed
767 1857 843 1899 suae
870 1835 979 1900 salutis
1002 1835 1117 1900 fecisse

88 1951 210 1993 caussa.
242 1937 352 2017 postea
374 1951 448 1993 vero
471 1950 565 2011 quam
588 1929 720 2006 audivit,
748 1951 820 1994 eum
841 1930 875 1994 in
895 1929 1149 2016 Peloponneson

85 2045 216 2087 manum
234 2044 416 2107 comparare
439 2020 560 2106 sibique
582 2021 699 2088 bellum
721 2022 825 2088 faeere
844 2024 962 2101 conari,
984 2023 1114 2103 Areten,

86 2116 203 2181 Dionis
222 2139 365 2193 uxorem,
389 2117 442 2180 alii
459 2126 592 2202 nuptum
610 2117 695 2180 dedit
711 2116 871 2200 filiumque
890 2118 957 2182 eius
976 2117 1022 2182 sic
1040 2119 1116 2182 edu-

86 2210 152 2274 cari
173 2210 276 2288 iussit,
301 2218 336 2273 ut
357 2210 549 2296 indulgendo
572 2210 763 2299 turpissimis*
782 2210 974 2276 imbueretur
995 2212 1116 2297 cupidi·

84 2303 212 2369 tatibus.
239 2327 313 2368 nam
331 2327 438 2389 puero,
456 2305 640 2389 priusquam
657 2304 758 2389 pubes
777 2314 875 2382 esset,
895 2314 998 2369 scorta
1015 2306 1148 2370 adda-4
1209 2336 1213 2340 ·
1265 2328 1267 2333 ·

82 2395 246 2474 cebantur,
264 2397 338 2462 vino
356 2398 522 2484 epulisque
536 2396 734 2474 obruebatur,
753 2420 855 2481 neque
872 2397 972 2462 ullum
989 2407 1113 2485 tempus

84 2490 191 2557 sobrio
208 2490 449 2574 relinquebatur.
476 2491 504 2556 is
521 2513 623 2574 usque
642 2484 690 2556 θο“
702 2492 784 2556 vitae
803 2500 919 2556 statum
941 2503 1146 2567 commuta-5

51 2595 153 2654 ptum
178 2583 260 2648 ferre
282 2607 346 2650 non
366 2586 480 2670 potuit,
507 2596 674 2671 postquam
695 2586 728 2650 in
753 2585 887 2671 patriam
912 2586 1004 2650 rediit
1024 2595 1114 2670 pater

82 2678 236 2761 (namque
249 2678 385 2765 appositi
403 2689 490 2743 erant
504 2680 661 2758 custodes,
680 2679 734 2763 qui
752 2702 824 2744 eum
843 2703 862 2744 a
878 2680 1010 2765 pristino
1028 2680 1113 2743 victu

82 2773 297 2858 deducerent),
316 2782 350 2837 ut
368 2795 402 2838 se
421 2773 460 2837 de
479 2774 637 2860 superiore
654 2782 743 2860 parte
761 2773 884 2838 aedium
903 2772 1050 2837 deiecerit
1066 2782 1113 2838 at-

78 2888 145 2950 que
162 2866 207 2930 ita
223 2866 381 2931 interierit.
410 2867 467 2932 sed
483 2867 557 2932 illuc
574 2876 721 2932 revertor.

134 2958 176 3024 V.
203 2958 378 3043 Postquam
393 2959 581 3027 Corinthum
597 2960 740 3047 pervenit
753 2960 849 3039 Dion,
869 2970 900 3026 et
913 2960 1023 3026 eodem
1041 2983 1112 3045 per·
1131 2984 1144 3028 1

82 3052 165 3138 fugit
182 3053 383 3133 Heraclides,
406 3055 446 3120 ab
465 3056 576 3120 eodem
594 3055 744 3140 expulsus
761 3054 932 3139 Dionysio,
951 3055 1006 3138 qui
1022 3076 1112 3140 prae-

79 3148 184 3213 lectus
203 3148 306 3213 fuerat
319 3149 468 3232 equitum,
487 3150 573 3215 omni
584 3150 703 3213 ratione
716 3148 833 3213 bellum
846 3169 1026 3233 comparare
1041 3169 1112 3212 coe-

81 3253 204 3327 perunt.
233 3245 288 3308 sed
306 3267 369 3308 non
382 3245 516 3308 multum
532 3244 746 3330 proficiebant,
766 3243 851 3326 quod
868 3242 1037 3307 multorum
1055 3265 1110 3306 an·
1129 3264 1143 3310 2

80 3357 193 3401 norum
220 3347 371 3423 tyrannus
397 3360 584 3425 magnarum
611 3360 707 3423 opum
733 3336 910 3422 putabatur.
946 3357 1041 3420 quam
1068 3336 1109 3402 ob

79 3451 227 3495 caussam
244 3432 337 3517 pauci
354 3432 395 3497 ad
418 3433 598 3497 societatem
615 3431 746 3518 periculi
766 3429 1025 3516 perducebantur.
1053 3431 1109 3496 sed
1128 3453 1142 3498 3

49 3612 52 3617 ¹
79 3522 178 3600 Dion,
192 3523 290 3591 fretus
300 3535 437 3590 nontam
447 3525 512 3591 suis
522 3525 620 3612 copiis
634 3548 731 3610 quam
742 3525 813 3589 odio
823 3524 956 3609 tyranni,
970 3524 1108 3588 maximo

77 3617 185 3683 animo
199 3618 320 3685 duabus
334 3619 483 3685 onerariis
496 3619 631 3686 navibus
644 3617 873 3704 quinquaginta
886 3641 1038 3682 annorum
1049 3617 1109 3679 im-

74 3711 216 3797 perium,
235 3714 391 3779 munitum
409 3713 589 3800 quingentis
607 3712 711 3800 longis
729 3710 873 3791 navibus,
893 3713 1002 3776 decem
1020 3708 1108 3792 equi-

79 3816 147 3871 tum
164 3817 353 3892 centumque
369 3808 513 3895 peditum
534 3806 675 3884 milibus,
698 3806 858 3894 profectus
880 3809 1105 3891 oppugnatum,

76 3901 164 3984 quod
181 3900 327 3967 omnibus
344 3902 491 3989 gentibus
511 3901 694 3967 admirabile
711 3910 761 3967 est
776 3901 895 3977 visum,
918 3898 996 3963 adeo
1014 3896 1106 3962 facile

73 3996 223 4081 perculit,
246 4005 282 4060 ut
303 4006 376 4082 post
397 3997 482 4063 diem
504 3996 643 4078 tertium,
667 3993 931 4081 quamSioiliam
951 3991 1117 4074 attigerat,

130 4097 244 4143 Cornelios
253 4095 333 4151 Nepos.
886 4091 909 4143 ‘h
925 4115 930 4121 ⁸
