2564 4410
52 308 55 313 ,
142 218 186 284 34
398 298 402 305 ‚
479 223 663 280 coaunnu
676 223 837 280 anrorrs

142 337 317 424 Syracusas
335 332 496 397 introierit.
524 352 564 394 ex
582 352 643 414 quo
665 330 797 415 intelligi
818 338 935 414 potest,
957 329 1079 394 nullum
1098 353 1174 399 esse

106 454 122 500 r
140 430 307 517 imperium
327 436 431 490 tutum
452 425 514 489 nisi
535 424 752 490 benevolentia
774 423 938 488 munitum.
969 446 1006 490 eo
1029 435 1174 511 tempore

140 525 248 591 aberat
264 519 440 605 Dionysius
460 518 539 583 etin
557 519 650 583 Italia
668 519 803 584 classem
821 518 1040 603 opperiebatur
1058 516 1175 610 adver-

141 620 303 693 sariorum,
321 624 407 679 ratus
425 612 583 677 neminem
601 613 668 677 sine
685 612 809 698 magnis
828 612 926 696 copiis
945 613 986 677 ad
1004 635 1039 678 se
1056 624 1174 680 ventu-

106 739 121 783 s
140 708 218 779 rum.
233 732 326 795 .quae
348 730 398 773 res
417 730 490 773 eum
513 707 633 772 fefellit.
661 730 735 797 nam
752 705 840 771 Dion
861 706 899 771 iis
917 706 1010 792 ipsis,
1034 708 1090 791 qui
1108 710 1172 775 sub

139 802 309 873 adversarii
328 802 455 866 'fuerant
476 809 644 886 potestate,
671 802 775 887 regios
799 800 927 885 spiritus
949 802 1100 886 repressit
1122 812 1172 868 to-

73 936 76 940 ·
138 901 264 982 tiusque
282 897 349 961 eius
367 895 464 981 partis
484 892 610 959 Siciliae
628 894 745 978 potitus
765 903 821 971 est,
841 916 922 976 quae
940 894 999 960 sub
1017 893 1172 982 Dionysii

138 996 241 1059 fuerat
261 999 429 1078 potestate,
452 989 581 1074 parique
604 990 697 1067 modo
718 989 806 1054 urbis
826 987 1055 1074 Syracusarum
1077 1013 1173 1076 prae-

105 1099 186 1158 ster
203 1108 307 1168 arcem
326 1094 357 1148 ot
378 1083 514 1147 insulam
536 1082 716 1147 adiunctam
734 1082 863 1168 oppido,
888 1105 987 1167 eoque
1008 1106 1076 1148 rem
1097 1107 1172 1170 per-

138 1181 237 1258 duxit,
254 1188 290 1243 ut
308 1178 422 1243 talibus
435 1176 633 1263 pactionibus
647 1199 758 1263 pacem
771 1187 922 1261 tyrannus
940 1177 1044 1243 facere
1057 1178 1171 1245 vellet:

139 1275 281 1342 Siciliam
307 1269 396 1339 Dion
421 1271 588 1347 obtineret,
615 1270 740 1335 Italiam
765 1271 956 1356 Dionysius,
990 1271 1172 1359 Syracusas

137 1367 372 1454 Apollocrates,
392 1365 443 1435 cui
461 1364 631 1428 maximam
648 1364 743 1429 fidem
761 1365 816 1428 uni
832 1365 969 1431 habebat
986 1364 1083 1432 Dion.
1182 1358 1185 1364 Δ

81 1468 84 1473 ’
104 1486 117 1530 1
188 1460 247 1527 VI.
275 1456 346 1524 Has
365 1467 430 1522 tam
451 1479 617 1542 prosperas
640 1466 767 1541 tamque
789 1459 965 1544 inopinatas
987 1483 1038 1526 res
1052 1483 1172 1531 ‚conse-

138 1565 211 1622 cuta
229 1564 277 1620 est
296 1553 400 1618 subita
418 1552 633 1629 commutatio,
657 1553 742 1636 quod
764 1553 891 1619 fortuna
909 1577 966 1618 sua
982 1554 1170 1635 mobilitate,

105 1672 119 1719 2
139 1673 234 1735 quem
250 1649 345 1735 paulo
363 1656 435 1712 ante
450 1646 612 1724 extulerat,
631 1646 813 1734 demergere
827 1657 875 1712 est
888 1649 1006 1730 adorta.
1028 1649 1170 1734 primum

137 1745 171 1808 in
187 1744 266 1821 filio,
290 1743 329 1807 de
347 1763 409 1826 quo
429 1735 671 1805 commemoravi
688 1763 797 1826 supra,
822 1765 911 1807 suam
933 1742 999 1806 vim
1017 1745 1168 1809 exercuit.

40 1846 43 1851 ’
137 1862 211 1903 nam
229 1860 301 1902 cum
322 1857 453 1900 uxorem
473 1826 768 1918 reduxisset,t1uae
785 1835 839 1900 alii
861 1835 963 1900 fuerat
980 1836 1107 1916 tradita,
1131 1838 1172 1903 fi·

95 1954 98 1959 ’
137 1932 277 2015 liumque
295 1930 388 1993 vellet
405 1950 552 2002 revocare
570 1928 611 1992 ad
624 1928 771 1993 virtutem
789 1952 808 1992 a
824 1929 947 2015 perdita
963 1929 1095 2013 luxuria,
1115 1954 1171 1998 ac-

104 2049 119 2094 3
138 2028 220 2111 cepit
241 2025 466 2112 gravissimum
486 2044 599 2107 parens
623 2023 736 2088 vulnus
755 2034 854 2088 morte
871 2024 937 2088 filii.
964 2026 1077 2090 deinde
1099 2036 1170 2093 orta

137 2120 294 2184 dissensio
312 2126 360 2183 est
377 2116 458 2181 inter
475 2139 548 2180 eum
570 2126 601 2181 et
618 2115 834 2195 Heraclidem,
858 2119 926 2202 qui,
949 2120 1035 2203 quod
1050 2120 1170 2205 princi-

136 2221 247 2298 patum
268 2233 333 2275 non
355 2208 560 2287 concedebat,
587 2209 756 2274 factionem
779 2210 980 2301 comparavit.
999 2218 1116 2296 'neque
1139 2214 1169 2280 is

137 2305 241 2369 minus
260 2302 384 2368 valebat
402 2303 486 2388 apud
504 2303 679 2389 optimates,
698 2325 832 2387 quorum
850 2327 1006 2371 consensu
1022 2308 1168 2392 praeerat

102 2422 119 2468 4
137 2400 244 2475 classi,
269 2421 341 2464 cum
357 2397 445 2463 Dion
467 2398 638 2463 exercitum
659 2399 838 2489 pedestrem
860 2408 987 2464 teneret.
1014 2422 1078 2465 non
1095 2402 1169 2467 tulit

136 2495 196 2558 hoc
214 2495 317 2557 animo
336 2514 436 2576 aequo
454 2492 542 2558 Dion
560 2501 591 2557 et
607 2515 734 2557 versum
751 2493 840 2556 illum
852 2492 987 2559 Homeri
1003 2494 1108 2559 retulit
1126 2518 1170 2561 ex

136 2587 275 2671 secunda
291 2585 474 2671 rhapsodia,
497 2586 610 2669 inquo
628 2585 707 2650 haec
730 2586 884 2650 sententia
902 2597 964 2652 est:
987 2609 1051 2657 non
1068 2610 1167 2673 posse

71 2680 74 2685 ’
135 2681 216 2747 bene
234 2681 302 2767 geri
318 2702 386 2745 rem
403 2678 561 2763 publicam
578 2678 915 2765 multorumimperiis.
943 2682 1027 2764 quod
1045 2682 1167 2747 dictum

135 2782 251 2861 magna
263 2773 382 2839 invidia
395 2783 563 2838 consecuta
576 2781 633 2838 est.
659 2773 796 2856 namque
809 2773 970 2858 aperuisse
987 2773 1167 2853 videbatur,

102 2893 117 2939 s
136 2870 241 2934 omnia
257 2869 292 2931 in
305 2891 363 2932 sua
376 2877 531 2953 potestate
544 2889 615 2939 esse
633 2867 722 2933 velle.
749 2868 831 2932 hanc
848 2868 899 2932 ille
918 2891 982 2933 non
997 2869 1095 2934 lenire
1108 2869 1168 2935 ob-

136 2962 260 3047 sequi0,
285 2962 342 3026 sed
364 2961 531 3026 acerbitate
554 2960 729 3046 opprimere
752 2961 872 3025 studuit
888 2961 1166 3047 Heraclidemque,

135 3081 207 3125 cum
227 3055 402 3141 Syracusas
421 3054 573 3131 venisset,
592 3054 843 3120 interficiundum
862 3057 991 3121 curavit.

46 3152 48 3157 ’
102 3178 114 3222 1
179 3150 261 3237 VH.
291 3148 386 3232 Quod
403 3148 522 3214 factum
536 3147 681 3213 omnibus
696 3149 868 3213 maxim-um
886 3151 1029 3215 timorem
1047 3150 1168 3217 iniecit.

133 3270 226 3312 nemo
241 3246 324 3311 enim
341 3245 395 3310 illo
407 3244 571 3309 interfecto
589 3265 624 3309 se
638 3253 739 3308 tutum
752 3245 892 3329 putabat.
919 3245 971 3310 ille
986 3255 1091 3310 autem
1110 3246 1168 3311 ad-

133 3341 409 3412 versarioremoto
426 3339 569 3403 licentius
588 3360 695 3402 eorum
709 3337 802 3416 bona,
821 3361 900 3423 quos
916 3340 1034 3405 sciebat
1052 3339 1168 3406 adver-

100 3457 114 3503 c
135 3456 189 3498 sus
209 3456 243 3514 se
261 3435 413 3512 sensisse,
437 3431 588 3497 militibus
612 3431 795 3517 dispertivit.
823 3433 938 3517 quibus
961 3434 1071 3499 divisis
1090 3447 1168 3500 cum
1189 3426 1192 3431 ¹

133 3528 306 3612 quotidiani
327 3527 457 3592 maximi
477 3526 587 3591 fierent
609 3537 768 3611 sumptus,
791 3527 935 3592 celeriter.
952 3528 1087 3613 pecunia
1110 3530 1168 3595 de-

133 3644 204 3689 esse
222 3621 337 3707 coepit,
356 3643 467 3705 neque,
487 3642 549 3705 quo
567 3642 679 3685 manus
696 3620 877 3711 porrigeret,
898 3620 1084 3707 suppetebat
1101 3622 1167 3687 nisi

132 3718 167 3783 in
184 3715 356 3782 amicorum
372 3714 601 3800 possessiones.
628 3714 662 3779 id
679 3714 834 3779 eiusmodi
851 3724 931 3792 erat,
950 3725 993 3792 ut,
1013 3737 1087 3780 cum
1104 3716 1167 3781 mi-

99 3832 114 3879 a
132 3812 203 3876 lites
211 3809 454 3887 reconciliasset,
469 3808 623 3873 amitteret
635 3808 812 3895 optimates.
831 3830 964 3893 quarum
972 3831 1167 3875 rerumcura

133 3904 336 3992 frangebatur
357 3912 389 3968 et
409 3903 551 3967 insuetus
573 3903 655 3968 male
678 3902 825 3968 audiendi
848 3925 912 3968 non
934 3903 1038 3968 animo
1060 3924 1166 3989 aequo

132 3998 266 4077 serebat,
290 3998 328 4063 dc
347 4020 382 4064 sc
399 3996 439 4063 ab
457 3997 495 4063 iis
514 3996 595 4062 male
618 3996 804 4075 existimari,
826 4019 961 4081 quorum
977 3995 1072 4085 paulo
1083 3992 1166 4063 'ante
