2564 4410
141 228 182 294 66
384 200 394 222 ’
473 237 831 295 conuunnnnroms

106 382 118 427 1
189 355 235 421 X.
263 354 327 420 Hic
344 353 506 419 Eumenes
529 351 676 418 callidum
696 352 915 438 imperatorem
937 353 1011 418 vicit
1033 356 1168 425 consilio

139 450 392 532 celeritatemque
413 447 577 533 impedivit
599 447 676 524 eius,
699 469 802 530 neque
819 456 924 512 tamen
942 449 1076 514 multum
1093 473 1169 537 pro-

105 567 119 614 2
138 546 223 612 fecit
254 568 329 609 narn
350 544 469 609 invidia
490 543 620 622 ducum,
644 565 717 609 cum
739 543 854 628 quibus
873 553 948 622 erat,
970 545 1170 633 perfidiaque

137 639 351 705 Macedonum
359 647 586 715 veteranorum,
597 659 668 703 cum
678 638 819 723 superior
826 638 945 724 proelio
954 639 1168 721 discessisset,

137 733 300 820 Antigono
318 740 366 798 est
383 731 523 809 deditus,
546 753 619 796 cnm
636 731 791 798 exercitus
810 733 840 799 ei
856 742 904 798 ter
920 743 993 799 ante
1011 737 1170 820 separatis

139 828 330 917 temporibus
352 828 501 904 iurasset,
524 849 560 891 se
582 848 655 895 eum
672 825 875 892 defensurum
892 848 995 911 neque
1012 850 1168 914 umquam

68 955 70 959 ·
138 925 343 990 deserturum.
371 921 428 987 sed
445 930 531 987 tanta
547 919 609 985 fuit
625 921 850 987 'nonnullorum
867 921 991 986 virtutis
1009 922 1169 990 obtrecta-

138 1019 195 1096 tio,
222 1027 258 1082 ut
282 1017 378 1082 fidem
403 1015 545 1081 amittere
566 1015 694 1081 mallent
720 1037 816 1100 quam
843 1037 915 1081 eum
935 1037 1001 1082 non
1021 1018 1167 1103 perdere.

106 1130 121 1178 a
139 1121 233 1196 atque
249 1112 333 1177 hunc
350 1109 544 1197 Antigonus,
568 1132 640 1176 curn
658 1111 687 1176 ei
703 1109 818 1177 fnisset
834 1110 1068 1190 infestissimus,
1089 1134 1169 1180 oon-

139 1214 303 1283 servasset,
323 1204 424 1290 siper
441 1227 514 1270 suos
533 1213 618 1271 esset
634 1204 764 1283 licitum,
782 1205 868 1289 quod
880 1204 920 1270 ab
938 1204 1024 1270 nullo
1038 1227 1071 1284 ee
1088 1207 1169 1292 plus

137 1300 279 1365 adiuvari
299 1320 394 1385 posse
415 1297 611 1383 intelligebat
631 1298 665 1363 in
681 1298 731 1364 his
749 1297 858 1376 rebus,
882 1320 961 1382 quas
979 1298 1167 1384 impendere

10 1416 13 1421 ·
136 1394 200 1458 iam
217 1391 387 1477 apparebat
404 1390 560 1457 omnibus.
586 1391 791 1458 imminebant
808 1392 892 1463 enim
911 1389 1074 1470 Seleucus,
1093 1394 1169 1480 Ly·

79 1506 81 1511 ’
139 1485 308 1562 simachus,
326 1483 543 1564 Ptolemaeus,
565 1484 679 1570 opibus
700 1485 765 1551 iam
782 1485 937 1563 valentes,
957 1508 1029 1551 cum
1046 1487 1169 1570 quibus

102 1600 118 1647 4
137 1572 223 1645 eide
242 1579 372 1644 summis
389 1577 484 1643 rebus
502 1588 568 1645 erat
586 1579 806 1648 dimicandum.
835 1580 972 1647 sednon
988 1580 1167 1665 passisunt

137 1673 180 1750 hi,
199 1673 253 1757 qni
275 1673 358 1738 circa
376 1681 473 1750 erant,
496 1672 582 1756 quod
594 1672 743 1739 videbant
753 1673 899 1739 Eumene
911 1683 1038 1759 recepto
1051 1696 1168 1741 omnes

137 1789 212 1853 prae
230 1766 283 1832 illo
300 1767 391 1852 parvi
412 1765 546 1833 futuros.
578 1767 647 1852 ipse
670 1778 777 1833 autern
793 1765 976 1854 Antigonus
995 1767 1074 1832 adeo
1098 1779 1167 1835 erat

136 1863 293 1940 incensus,
312 1873 348 1926 ut
364 1861 425 1926 nisi
442 1883 559 1947 magna
577 1883 632 1946 spe
645 1862 854 1927 maximarum
870 1883 975 1927 rerum
992 1861 1082 1929 leniri
1099 1885 1167 1929 uon

136 1965 254 2041 posset.

104 2070 117 2116 1
185 2049 249 2113 XI.
277 2049 388 2133 Itaque
411 2071 483 2114 cum
504 2070 578 2114 eum
599 2049 632 2114 in
649 2050 825 2115 custodiam
841 2049 994 2128 dedisset,
1017 2059 1050 2115 et
1069 2071 1166 2135 prae·

16 2170 18 2175 ·
136 2143 238 2207 fectus
257 2142 422 2208 custodum
439 2143 624 2225 quaesisset,
642 2144 906 2227 quemadmodum
925 2143 1043 2209 servari
1054 2143 1164 2223 vellet,

138 2235 206 2314 „Ut
214 2235 430 2314 acerrimum,“
436 2236 547 2320 inquit,
559 2236 701 2316 „leonem
711 2246 765 2303 aut
773 2237 1003 2305 fmocissimum
1012 2237 1165 2323 elephan-

136 2333 234 2394 tum.“
269 2329 408 2395 nondum
431 2329 515 2395 enim
536 2338 700 2409 statuerat,
728 2340 927 2397 conservaret
952 2353 1025 2397 eum
1050 2353 1165 2397 necne.

102 2444 117 2490 2
135 2423 281 2490 veniebat
299 2433 405 2491 autem
422 2424 464 2491 ad
480 2423 658 2491 Eumenem
680 2434 846 2510 utrumque
868 2448 968 2512 genus
986 2425 1163 2504 hominum,

135 2526 167 2582 et
184 2518 239 2600 qui
260 2528 388 2603 propter
404 2518 512 2584 odium
533 2518 671 2587 fructum
688 2520 787 2585 oculis
810 2542 850 2585 ex
867 2519 935 2586 eius
953 2540 1035 2591 casu,
1047 2540 1164 2603 capere

134 2611 260 2689 vellent,
278 2621 310 2677 et
327 2612 382 2695 qui
398 2621 526 2698 propter
547 2622 686 2679 veterem
703 2613 872 2679 amicitiam
894 2612 1029 2697 colloqui
1047 2634 1163 2678 conso-

133 2705 253 2790 larique
275 2715 438 2791 cuperent3
461 2705 551 2771 multi
577 2706 680 2784 etiam,
703 2707 759 2790 qui
785 2707 852 2772 eius
879 2707 1015 2773 formam
1039 2728 1164 2793 cogno-

136 2822 222 2865 scere
241 2799 419 2878 studebant,
438 2799 540 2885 qualis
554 2810 647 2878 esset,
666 2823 760 2885 quem
778 2810 842 2867 tam
855 2801 911 2867 diu
927 2811 1052 2884 tamque
1065 2801 1164 2867 valde

135 2894 326 2973 timuissent,
358 2893 447 2961 cuius
473 2895 508 2959 in
532 2895 670 2981 pernicie
694 2897 829 2982 positam
856 2918 945 2982 spem
972 2893 1163 2961 habuissent

103 3007 118 3055 3
136 2987 294 3053 victoriae.
326 2997 359 3053 at
374 2987 551 3066 Eumenes,
579 3011 651 3055 cum
673 2990 789 3055 diutius
810 2989 844 3053 in
861 2988 973 3055 vinclis
990 2997 1088 3065 esset,
1114 2988 1162 3053 ait

135 3081 352 3161 Onomarcho,
374 3103 473 3168 penes
494 3104 589 3166 quem
611 3106 736 3149 summa
756 3083 879 3170 imperii
897 3092 963 3149 erat
984 3082 1162 3160 custodiae,

134 3200 169 3244 se
186 3176 301 3257 mirari,
321 3199 417 3262 quare
429 3178 493 3243 iam
506 3178 632 3243 tertium
645 3177 729 3243 diem
746 3178 792 3244 sic
809 3173 978 3243 teneretur:
996 3177 1162 3243 nonenim

133 3273 194 3339 hoc
206 3273 374 3340 convenire
381 3271 537 3360 Antigoni
549 3273 742 3359 prudentiae,
760 3283 796 3338 ut
809 3273 856 3339 sic
868 3273 1047 3339 deuteretur
1059 3271 1160 3349 victo;

100 3386 116 3432 4
134 3366 210 3449 quin
227 3376 282 3433 aut
298 3366 431 3433 interfici
448 3376 503 3434 aut
519 3367 653 3433 missum
669 3366 737 3433 lieri
753 3365 885 3433 iuberet.
914 3365 967 3431 hic
985 3387 1059 3431 cum
1075 3364 1161 3431 fero-

133 3460 200 3525 cius
211 3458 414 3529 Onomarcho
422 3461 510 3546 loqui
518 3461 684 3540 videretur,
700 3458 888 3544 „Quidtnl“
902 3460 1014 3545 inquit,
1031 3459 1162 3541 „animo

134 3553 162 3618 si
178 3553 239 3618 isto
257 3575 341 3633 eras,
363 3578 421 3622 cur
436 3577 501 3622 non
521 3554 556 3621 in
571 3554 689 3641 proelio
707 3555 848 3623 cecidisti
868 3555 984 3641 potius,
1007 3575 1104 3638 quam
1123 3552 1160 3619 in

99 3670 115 3716 o
132 3656 322 3734 potestatem
334 3649 453 3715 inimici
460 3648 622 3715 venires?“
646 3649 720 3716 huic
727 3649 904 3717 Eumenes:
924 3646 1079 3728 „Utinam
1087 3646 1161 3732 qui-

132 3746 205 3809 dem
222 3743 307 3809 istud
324 3742 495 3810 evenissetl
521 3744 580 3811 sed
601 3765 640 3810 eo
656 3767 720 3811 non
733 3745 863 3822 accidit,
881 3742 967 3828 quod
982 3763 1160 3826 numquam
1193 3756 1197 3763 '

132 3858 205 3903 cum
226 3836 354 3903 fortiore
382 3859 454 3903 sum
475 3860 675 3926 congressus.
709 3862 773 3907 non
794 3838 879 3904 enim
900 3860 974 3904 cum
995 3858 1159 3921 quoquam

132 3955 220 3999 anna
240 3931 371 4011 contuli,
394 3932 471 4016 quin
487 3932 515 3998 is
532 3933 610 3999 mihi
628 3932 840 4012 succubuerit3
858 3955 923 4000 non
939 3932 1024 3998 enim
1040 3931 1157 3997 virtute

130 4025 278 4104 hostium,
289 4026 346 4092 sed
355 4026 525 4092 amicorum
538 4028 809 4113 perlidiadecidi.“
821 4076 848 4093 ..
866 4026 1011 4113 nequeid
1023 4024 1157 4093 salsum:
