2564 4410
85 238 88 243 ’
133 251 175 316 52
376 312 379 319 ,
463 256 646 314 scarnen
664 240 829 312 uaporis

133 398 280 442 caussam
302 374 335 438 in
354 395 388 438 se
406 371 609 437 transferrent
632 392 751 454 suaque
774 393 869 456 opera
890 370 1010 437 factum
1032 382 1161 438 conten-

131 473 251 546 derent,
270 478 305 532 ut
318 468 381 554 legi
393 489 457 533 non
470 464 640 532 obedirent.
669 487 732 549 qua
744 464 926 529 defensione
939 465 1001 530 illis
1019 466 1160 551 periculo

133 564 271 630 liberatis
288 583 382 627 nemo
390 561 645 647 Epaminondam
662 581 887 645 responsurum
904 561 1044 647 putabat,
1063 565 1159 646 quod,

101 681 116 726 a
135 658 212 743 quid
228 656 359 734 diceret,
378 677 441 721 non
457 654 595 721 haberet
624 653 725 718 atille
742 654 775 718 in
792 655 943 719 iudicium
959 655 1058 733 venit,
1082 657 1160 720 nihil

83 765 90 773 “
135 776 243 818 eorum
260 751 397 838 negavit,
416 772 497 834 quae
511 749 682 814 adversarii
696 748 817 812 crimini
835 748 961 828 dabant,
981 750 1158 835 omniaque,

135 869 217 931 quae
244 846 384 933 collegae
413 845 568 921 dixerant,
597 843 760 909 confessus
783 852 845 920 est,
875 865 979 927 neque
1004 847 1161 911 recusavit

135 964 199 1026 quo
217 941 320 1006 minus
337 939 419 1026 legis
436 961 572 1024 poenam
583 937 712 1021 subiret,
733 937 790 1002 sed
803 961 902 1002 unum
915 939 955 1003 ab
969 938 1019 1004 his
1038 940 1157 1024 petivit,

103 1055 117 1101 3
135 1036 217 1100 utin
230 1035 368 1121 periculo
383 1057 440 1100 suo
453 1033 670 1100 inscriberent:
695 1032 952 1118 „Epaminondas
966 1057 985 1098 a
998 1033 1158 1100 Thebanis

135 1139 234 1195 morte
249 1129 398 1194 multatus
409 1137 466 1206 est,
485 1128 570 1211 quod
584 1149 637 1192 eos
647 1126 755 1212 ‚coegit
767 1127 853 1212 apud
860 1126 999 1201 Leuctra
1012 1149 1159 1211 superare

136 1222 418 1300 Lacedaemonios,
437 1243 517 1306 quos
539 1231 611 1285 ante
634 1242 668 1285 se
685 1221 904 1305 imperatorem
922 1244 1014 1287 nemo
1024 1221 1160 1287 Boeoto-

102 1339 119 1384 4
136 1341 206 1382 rum
224 1341 320 1382 ausus
339 1318 399 1381 fuit
416 1317 555 1401 aspicere
571 1316 605 1378 in
622 1314 698 1392 acie,
718 1316 864 1399 quodque
881 1338 944 1386 uno
961 1316 1078 1401 proelio
1096 1340 1160 1383 non

138 1411 239 1475 solum
262 1409 390 1475 Thebas
413 1409 453 1474 ab
475 1408 601 1473 interitu
621 1409 763 1486 retraxit,
787 1410 959 1474 sedetiam
981 1411 1160 1475 universam

139 1501 306 1582 Graeciam
323 1504 357 1566 in
373 1502 549 1567 libertatem
565 1503 749 1580 vindicavit,
773 1525 872 1586 eoque
889 1525 939 1568 res
957 1511 1160 1586 utrorumque
1196 1580 1200 1587 .

137 1596 291 1681 perduxit,
310 1605 346 1660 ut
355 1595 499 1661 Thebani
510 1594 657 1682 Spartam
674 1606 900 1684 oppugnarent,
914 1596 1162 1664 Lacedaemonii

139 1689 214 1753 satis
232 1688 396 1768 haberent,
420 1691 447 1754 si
470 1690 549 1756 salvi
567 1713 637 1756 esse
653 1701 797 1776 possent,
820 1712 923 1774 neque
939 1689 1026 1776 prius
1044 1690 1160 1755 bellare

139 1783 270 1861 destitit,
293 1806 389 1867 quam
406 1783 555 1849 Messene
577 1784 720 1849 restituta
736 1783 848 1859 urbem
867 1807 975 1849 eorum
997 1783 1160 1850 obsidione

106 1898 120 1943 5
139 1877 280 1942 clausit.“
308 1878 386 1943 haec
404 1901 477 1943 cum
494 1879 634 1955 dixisset,
657 1879 739 1942 risus
758 1878 899 1942 omnium
916 1900 989 1942 curn
1006 1878 1160 1943 hilaritate

139 1981 263 2037 coortus
282 1981 342 2049 est,
365 1994 467 2055 neque
485 1971 652 2055 quisquam
669 1971 765 2035 iudex
782 1993 879 2036 ansus
898 1981 946 2036 est
968 1972 1007 2035 de
1025 1993 1062 2037 eo
1080 1971 1161 2036 ferre

140 2065 334 2149 suffragium.
367 2066 413 2130 sic
430 2088 449 2129 a
465 2064 581 2129 iudicio
604 2065 714 2149 capitis
734 2065 871 2129 maxima
888 2066 1034 2130 discessit
1051 2065 1160 2151 gloria.

16 2182 19 2187 ·
108 2180 119 2224 1
190 2159 254 2245 IX.
281 2158 346 2222 Hic
363 2169 502 2224 extremo
520 2169 658 2243 ternpore
676 2158 845 2243 imperator
862 2159 947 2242 apud
963 2158 1160 2223 Mantineam

27 2316 32 2323 ,
140 2275 212 2316 cum
235 2252 301 2317 acie
323 2253 474 2317 instructa
500 2252 649 2317 audacius
675 2251 805 2316 instaret
826 2251 947 2328 hostes,
975 2253 1120 2338 cognitus
1143 2276 1163 2316 a

139 2346 411 2424 Lacedaemoniis,
430 2347 515 2430 quod
531 2346 566 2410 in
582 2346 675 2411 unius
693 2346 829 2431 pernicie
848 2345 914 2409 eius
931 2344 1050 2429 patriae
1070 2345 1164 2409 sitam

140 2440 292 2525 putabant
310 2440 452 2518 salutem,
470 2440 610 2505 universi
625 2440 660 2504 in
673 2461 771 2505 unum
784 2440 939 2524 impetum
949 2437 1096 2502 fecenmt-
1109 2461 1165 2503 ne·

141 2555 201 2616 que
219 2534 306 2618 prius
325 2535 553 2612 abscesserrmt,
573 2557 668 2618 quam
686 2530 802 2620 magna
819 2534 915 2611 caede
932 2531 1102 2616 multisque
1112 2555 1160 2597 oc-

142 2627 215 2691 cisis
242 2626 412 2692 fortissime
432 2622 538 2712 ipsum
554 2627 808 2712 Epaminondam
830 2636 1038 2712 pugnantem,
1072 2648 1162 2713 sparo

108 2739 122 2785 a
142 2721 263 2785 eminus
280 2742 479 2807 percussum,
498 2719 661 2786 concidere
679 2721 832 2786 viderunt
858 2721 952 2786 huius
974 2744 1088 2786 caussa
1109 2721 1164 2784 ali-

141 2824 292 2898 quantum
310 2816 457 2880 retardati
475 2826 548 2880 sunt
565 2816 691 2894 Boeoti,
709 2838 812 2900 neque
830 2826 935 2880 tamen
951 2816 1038 2902 prius
1056 2816 1164 2901 pugna

108 2929 122 2975 3
142 2918 357 2985 excesserunt,
385 2931 480 2993 quam
505 2920 716 2996 repugnantes
738 2910 952 2996 profligarunt
984 2918 1016 2973 at
1031 2908 1162 2993 Epami-

14 3078 18 3089 Ι
118 3000 261 3066 mundas
284 3024 357 3066 cum
378 3002 650 3081 animadverteret,
674 3004 868 3087 mortiferum
891 3026 925 3068 se
944 3003 1057 3067 vulnus
1076 3023 1164 3066 acce·

141 3096 241 3181 pisse,
261 3094 428 3179 simulque,
449 3097 476 3160 si
493 3096 723 3180 ferrum,'quod
742 3119 781 3162 ex
798 3097 903 3161 hastili
920 3098 953 3161 in
971 3118 1099 3183 corpore
1116 3116 1165 3159 re-

142 3198 313 3268 manserat,
336 3192 536 3269 extraxisset,
561 3190 698 3255 animam
716 3191 821 3255 statim
839 3191 1041 3268 emissurum,
1064 3210 1164 3272 usquo

108 3305 124 3349 4
143 3307 180 3349 eo
201 3285 340 3361 retinuit,
368 3286 472 3368 quoad
493 3285 703 3349 renuntiatum
725 3295 787 3363 est,
815 3285 929 3350 vicisse
951 3284 1101 3349 Boeotos.
1132 3283 1165 3347 id

142 3388 309 3462 postquam
327 3378 459 3457 audivit,
484 3377 629 3458 ,Satis,“
656 3378 771 3462 inquit,
801 3379 900 3459 „vixit
925 3379 1060 3465 invictus
1082 3377 1165 3441 enim

142 3471 287 3535 morior.“
314 3483 381 3536 tum
398 3472 480 3538 ferro
499 3482 637 3537 extracto
656 3472 822 3538 confestim
839 3473 1036 3537 exanimatus
1056 3480 1113 3536 est.

112 3587 123 3632 1
194 3563 240 3628 X.
267 3563 332 3628 Hic
353 3588 485 3631 uxorem
505 3588 678 3650 numquam
700 3567 799 3631 duxit.
830 3567 864 3630 iri
881 3588 944 3649 quo
966 3588 1039 3629 cum
1061 3558 1165 3650 repre-

142 3658 341 3734 henderetur,
373 3660 458 3742 quod
488 3660 604 3725 liberos
634 3682 699 3725 non
724 3660 926 3743 relinqueret,
954 3682 973 3724 a
1002 3658 1163 3744 Pelopida,

143 3752 198 3836 qui
219 3751 317 3815 filium
339 3751 475 3818 habebat
491 3754 651 3831 infamem,
675 3754 819 3838 maleque
841 3775 915 3817 eum
936 3752 1026 3818 ineo
1047 3752 1165 3838 patriae

110 3868 125 3914 a
145 3849 305 3913 consulere
316 3848 441 3926 diceret,
453 3849 585 3928 „Vide‚“
600 3849 709 3933 inquit,
726 3857 833 3929 „netu
841 3848 931 3934 peius
942 3848 1098 3925 consulas,
1113 3846 1167 3930 qui
1183 3902 1186 3907 .

93 3982 97 3988 -
144 3941 237 4007 talem
251 3966 291 4007 ex
308 3953 339 4008 te
351 3953 462 4009 natum
478 3944 641 4009 relicturus
661 3945 713 4009 sis.
740 3965 842 4027 neque
860 3965 935 4008 vero
950 3943 1043 4028 stirps
1061 3950 1166 4028 potest

139 4035 219 4119 mihi
239 4037 364 4103 deesse:
387 4058 523 4123 namque
537 4061 576 4102 ex
591 4060 640 4103 me
654 4046 758 4102 natam
771 4036 913 4121 relinquo
925 4058 1066 4129 pugnam
1080 4037 1167 4100 Leu-
