2564 4410
45 303 47 307 ,
132 251 161 315 4,
462 240 645 316 oonudnn
663 259 828 316 nrrorrs

134 376 201 461 quit
219 396 256 441 ac
277 396 386 439 rursus
403 373 547 438 Athenas
570 373 764 459 demigravit.
801 374 889 438 ouius
911 375 991 439 ratio
1013 374 1072 439 etsi
1093 398 1159 440 non

23 522 30 533 ,
80 512 89 531 .
133 470 240 547 valuit,
259 477 364 533 tamen
385 488 575 554 magnopere
593 477 641 532 est
658 467 829 545 laudanda,
853 489 925 531 curn
942 468 1072 533 amicior
1089 491 1160 534 om-

133 564 221 628 nium
239 562 373 627 libertati
390 584 485 646 quam
504 583 579 626 suae
596 560 691 625 fuerit
709 561 920 626 dominationi.
960 599 963 603 ·

102 681 115 728 1
184 655 243 723 IV.
269 656 388 722 Darius
407 665 521 733 autem,
541 678 612 720 cum
630 675 670 720 ex
686 655 817 741 Europa
833 656 867 719 in
881 655 994 720 Asiam
1012 656 1156 735 redisset,

134 751 327 817 hortantibus
351 750 473 828 amicis,
493 760 527 814 ut
546 747 712 815 Graeciam
734 750 889 835 redigeret
905 750 939 813 in
959 773 1049 815 suam
1066 760 1157 836 pote-

17 876 20 881 ·
65 857 67 863 ’
135 855 260 924 statem,
285 845 418 910 classem
439 844 679 930 quingentarum
700 844 829 908 navium
850 846 1041 929 comparavit
1065 845 1157 928 eique

6 988 9 995 ·
50 1020 52 1025 Ι
133 940 243 1005 Datim
255 939 406 1025 praefecit
423 950 453 1003 et
466 937 705 1023 Artaphernem,
724 937 836 1022 hisque
855 939 988 1003 ducenta
1004 939 1156 1024 pediturn,

135 1035 243 1098 decem
265 1033 351 1097 milia
373 1032 512 1116 equiturn
535 1032 632 1108 dedit,
657 1053 802 1096 caussam
819 1032 1020 1109 interserens,
1044 1055 1078 1097 se
1100 1033 1158 1097 ho-

135 1137 215 1193 stem
233 1149 303 1192 esse
321 1123 582 1203 Atheniensibus,
606 1126 690 1210 quod
712 1147 820 1189 eorum
838 1127 953 1191 auxilio
971 1125 1065 1190 Iones
1082 1123 1157 1191 Sar-

42 1290 45 1295 ,
101 1221 184 1285 adis
215 1220 449 1306 expugnassent
483 1240 601 1301 suaque
632 1219 788 1302 praesidia
824 1220 1062 1285 interfecissent.
1111 1220 1158 1284 illi

133 1316 283 1401 praefecti
304 1315 384 1400 regii
406 1314 506 1378 classe
525 1312 565 1376 ad
582 1311 747 1377 Euboeam
770 1313 903 1399 appulsa
921 1315 1060 1379 celeriter
1077 1315 1157 1379 Ere-

14 1446 17 1491 3
64 1426 68 1435 ’
134 1409 225 1473 triam
251 1415 400 1492 ceperunt
426 1427 596 1489 omnesque
623 1407 690 1470 eius
716 1407 817 1492 gentis
844 1408 929 1471 cives
956 1406 1101 1493 abreptos
1124 1409 1157 1472 in

133 1501 248 1566 Asiam
265 1501 306 1565 ad
323 1521 430 1586 regem
451 1499 610 1563 miserunt.
646 1499 718 1563 inde
740 1501 780 1563 ad
797 1498 937 1565 Atticam
959 1512 1157 1566 accesserunt

135 1617 172 1660 ac
190 1618 263 1660 suas
282 1594 387 1679 copias
405 1594 438 1657 in
456 1614 602 1679 campum
616 1591 805 1658 Marathona
823 1594 1028 1660 deduxerunt.
1063 1596 1091 1660 is
1109 1605 1157 1660 est

102 1690 175 1757 sab
201 1688 316 1774 oppido
343 1687 464 1753 circiter
489 1687 575 1751 milia
604 1709 757 1773 passuum
784 1688 901 1753 decem.
936 1689 997 1754 hoc
1023 1690 1157 1753 tumultu

135 1783 345 1848 Athenienses
363 1792 428 1847 tarn
444 1782 620 1868 propinquo
638 1791 764 1866 tamque
782 1806 898 1869 magno
915 1784 1047 1868 permoti
1069 1784 1157 1847 auxi-

134 1878 212 1942 lium
235 1900 393 1962 nusquam
417 1877 479 1941 nisi
500 1899 520 1940 a
541 1876 802 1942 Lacedaemoniis
828 1878 1004 1963 petiverunt
1024 1876 1157 1962 Phidip-

15 2018 21 2026 .
133 1992 272 2056 pumque
290 1991 447 2034 cursorem
466 1969 533 2033 eius
551 1969 685 2055 generis,
704 1971 759 2054 qui
775 1969 1029 2036 hemerodromoe
1041 1991 1158 2033 vocan-

136 2074 198 2140 tur,
221 2064 495 2128 Lacedaemonem
517 2064 680 2141 miserunt,
707 2074 743 2127 ut
759 2065 928 2143 nuntiaret,
951 2085 1046 2148 quam
1063 2061 1156 2126 celeri

101 2176 118 2222 4
136 2179 216 2242 opus
234 2165 317 2222 esset
334 2157 459 2221 auxilie.
495 2157 581 2221 dorni
603 2167 707 2221 autem
729 2168 834 2222 creant
856 2159 964 2223 decern
986 2166 1154 2243 praetores,

135 2250 189 2334 qui
215 2250 363 2315 exercitui
388 2261 582 2336 praeessent,
609 2251 643 2317 in
669 2252 714 2316 eis
740 2251 928 2317 Miltiadem.
971 2252 1052 2314 inter
1077 2273 1156 2334 quos

135 2366 250 2433 magna
272 2343 332 2408 fuit
354 2344 523 2420 eontentio,
552 2353 657 2410 utrum
678 2345 842 2412 moenibus
867 2343 932 2432 [se]
956 2344 1158 2439 defenderent

103 2456 118 2504 5
138 2462 179 2502 an
196 2438 322 2502 obviam
339 2438 420 2502 irent
432 2437 576 2504 hostibus
594 2439 722 2523 acieque
740 2440 949 2504 decernerent
985 2461 1066 2503 unus
1081 2438 1162 2501 Mil-¹

134 2533 233 2597 tiades
251 2534 386 2597 maxime
403 2533 568 2611 nitebatur,
586 2543 621 2597 ut
637 2535 738 2617 primo
756 2555 880 2615 quoque
899 2542 1037 2619 tempore
1056 2543 1158 2598 castra

134 2625 256 2691 fierent:
273 2626 307 2688 id
320 2625 348 2688 si
365 2625 484 2689 factum
497 2635 589 2702 esset,
609 2635 641 2689 et
653 2624 775 2688 civibus
789 2624 929 2688 animum
946 2649 1156 2705 accessurum,

136 2740 207 2784 eum
224 2718 379 2796 viderent,
398 2719 437 2782 de
456 2741 564 2782 eorum
585 2719 698 2781 vinute
716 2739 778 2781 non
797 2717 968 2803 desperari,
998 2731 1029 2783 et
1049 2721 1156 2785 hostes

136 2812 245 2876 eadem
257 2835 291 2876 re
309 2811 376 2877 fore
390 2811 550 2889 tardiores,
570 2812 598 2876 si
611 2811 901 2888 animadverterent,
920 2812 1033 2877 audere
1048 2814 1159 2877 adver-

19 2968 22 2973 .
137 2927 189 2969 sus
209 2927 242 2968 se
260 2914 325 2968 tam
342 2906 464 2992 exiguis
483 2904 581 2991 copiis
600 2905 756 2969 dimicare.

103 3015 116 3061 1
185 2996 226 3063 V.
253 2996 326 3062 Hoo
343 2997 376 3061 in
394 3007 532 3084 tempore
549 2999 635 3063 nulla
652 2999 761 3064 civitas
776 2996 1022 3065 Atheniensibus
1041 3001 1157 3066 auxilio

135 3090 338 3176 fuit'praeter
357 3089 571 3157 Plataeenses.
607 3093 750 3158 camille
772 3094 857 3159 misit
878 3095 1020 3158 militum.
1051 3095 1157 3178 itaque

135 3185 247 3249 horum
272 3185 409 3249 adventu
434 3187 544 3251 decem
570 3187 656 3251 milia
681 3197 870 3252 armatorum
892 3188 1046 3273 completa
1068 3199 1156 3267 sunt3

102 3295 117 3341 2
136 3302 216 3364 quae
234 3302 345 3345 manus
368 3280 503 3345 mirabili
524 3281 677 3369 flagrabat
697 3283 859 3368 pugnandi
882 3283 1058 3368 cupiditate.
1094 3305 1157 3366 quo

135 3373 257 3437 facturn·
271 3384 333 3452 est,
356 3375 478 3461 utplus
497 3397 591 3458 quam
609 3376 748 3462 collegae
756 3377 918 3442 Miltiades
935 3378 1061 3442 valeret.
1089 3378 1156 3442 eius

136 3489 210 3553 ergo
229 3469 410 3534 auctoritate
427 3469 555 3554 impulsi
570 3469 782 3536 Athenienses
806 3472 911 3558 copias
930 3493 969 3536 ex
986 3471 1063 3536 urbe
1081 3472 1157 3535 edu-

103 3577 117 3624 3
135 3570 248 3625 xerunt
265 3561 396 3647 locoque
418 3563 531 3629 idoneo
554 3573 657 3629 castra
677 3564 828 3630 fecerunt.
865 3566 938 3630 dein
958 3575 1083 3651 postero
1106 3566 1156 3630 die

137 3653 196 3721 sub
217 3656 333 3722 montis
353 3657 511 3722 radicibus
534 3658 600 3722 acie
621 3659 749 3744 regione
770 3660 923 3724 instructa
944 3682 1008 3724 non
1025 3659 1156 3745 apertis-

137 3749 217 3813 sima
250 3751 402 3835 proelium
436 3753 666 3817 commiserunt
720 3775 856 3837 namque
892 3752 1018 3819 arbores
1049 3752 1155 3816 multis

135 3842 212 3908 locis
235 3853 324 3908 erant
342 3868 444 3923 rarae,
470 3846 531 3912 hoc
549 3847 692 3929 oonsilio,
720 3857 755 3912 ut
772 3857 804 3913 et
824 3848 976 3912 montium
993 3847 1155 3912 altitudine

137 3944 314 4021 tegerentur
331 3948 363 4004 et
380 3939 525 4004 arborum
543 3949 644 4005 tractu
662 3941 817 4024 equitatus
836 3941 974 4006 hostium
990 3940 1156 4025 impedire-

103 4045 120 4079 Δ.
138 4037 197 4107 tur,
215 4052 255 4095 ne
272 4033 469 4098 mtdtitudine
487 4034 713 4099 clauderentur.
738 4033 844 4114 Datis,
863 4036 923 4101 etsi
939 4056 1002 4100 non
1020 4056 1155 4118 aequum
