2564 4410
495 239 686 295 nnrmuns.
1018 310 1021 315 .
1058 232 1101 297 47
1192 295 1196 301 ,

81 374 165 429 tame
183 359 272 436 faeit3
290 357 374 444 regis
392 355 568 441 provincias
586 364 689 443 vexat,
708 355 835 419 castella
849 367 1016 442 expugnat,
1035 383 1102 429 ma<

14 474 18 480 ·
82 478 162 543 guas
179 446 312 540 praedas
331 450 574 535 capitquarum
590 458 711 533 partem
729 448 794 512 suis
813 450 962 534 dispertit,
981 462 1101 536 partem

83 551 124 615 ad
135 548 296 613 Datamen
313 543 415 607 mittit.
441 542 615 627 parimodo
634 542 794 626 complura
807 544 934 608 castella
951 545 980 608 ei
997 547 1098 610 tradit.

82 643 160 707 haee
178 641 231 704 diu
249 638 394 703 faciendo
411 636 567 720 persuasit
584 635 710 711 homini,
730 658 764 699 se
783 636 935 701 infinitum
949 638 1099 703 adversus
1119 661 1136 707 3

82 757 189 821 regem
208 730 384 816 suscepisse
402 728 527 804 bellum,
547 750 618 792 eum
635 727 732 792 nihilo
749 730 859 814 magis,
878 753 918 794 ne
936 752 1030 813 quam
1049 755 1100 797 su-

84 827 255 912 spicionem
268 823 313 888 illi
325 821 488 908 praeberet
500 820 696 898 insidiarum,
715 843 816 904 neque
831 824 1019 907 colloquium
1033 826 1099 890 eius

82 919 193 1005 petivit
217 938 317 1000 neque
342 915 376 979 in
402 924 602 998 conspectum
628 914 734 978 venire
757 915 883 980 studuit.
920 918 964 981 sic
987 918 1100 983 absens

83 1013 250 1078 amicitiem
268 1009 407 1097 gerebat,
426 1018 460 1071 ut
477 1031 540 1072 non
556 1008 715 1096 beneficiis
730 1011 856 1088 mutuis,
876 1012 932 1076 sed
945 1015 1101 1077 communi

82 1107 165 1181 odio,
183 1104 268 1188 quod
285 1124 360 1189 erga
376 1125 483 1187 regem
502 1112 712 1186 susceperant,
732 1104 881 1168 contineri
898 1107 1091 1177 viderentur,

76 1204 79 1209 '
133 1198 197 1262 XI.
224 1197 268 1279 Io,
281 1218 353 1260 eum
364 1195 449 1273 satis
466 1217 500 1258 se
518 1195 718 1277 confirmasse
729 1196 901 1262 >arbitratus
916 1202 973 1276 est,
993 1202 1102 1264 certio·
1122 1221 1133 1265 ι

11 1368 15 1373 ¹
82 1313 149 1356 rem
167 1290 241 1354 sarit
253 1289 421 1365 Datamen,
446 1297 567 1373 tempus
587 1311 656 1352 esse
678 1289 811 1353 maiores
830 1292 983 1356 exereitus
1000 1294 1123 1377 parari

84 1393 114 1447 et
132 1382 249 1466 bellum
267 1405 338 1447 eum
360 1382 436 1467 ipso.
447 1403 521 1468 rege
540 1381 670 1466 suscipi,
690 1383 790 1465 deque
803 1406 846 1448 ea
862 1406 905 1460 re,
926 1385 953 1449 si
971 1386 1000 1449 ei
1016 1386 1103 1449 vide-

83 1486 181 1553 retur,
204 1498 266 1559 quo
284 1476 353 1540 loco
371 1475 478 1552 vellet,
500 1474 533 1538 in
551 1475 740 1558 colloquium
761 1478 889 1542 veniret.
920 1478 1052 1564 probata
1068 1502 1101 1543 re

11 1566 14 1571 ’
83 1571 279 1654 colloquendi
302 1579 424 1653 tempus
448 1569 580 1632 sumitur
600 1570 764 1653 locusque,
792 1593 853 1655 quo
877 1573 1055 1642 conveniret
1094 1622 1101 1637 .

82 1665 144 1729 huc
154 1663 352 1727 Mithridates
371 1685 443 1726 cum
460 1684 532 1738 unc,
552 1663 748 1727 oui'maxime
762 1664 898 1729 habebat
909 1666 1016 1743 fidem,
1032 1676 1101 1731 ante
1121 1685 1138 1730 2

82 1757 202 1840 aliquot
220 1756 286 1820 dies
304 1755 390 1820 venit
412 1754 685 1839 compluribusque
702 1756 779 1820 locis
798 1758 964 1841 separatim
981 1760 1102 1842 gladios

83 1850 188 1916 obruit
210 1843 308 1932 eaque
331 1847 404 1937 ¹loca
425 1848 589 1934 diligenter
609 1857 705 1912 notat.
740 1848 810 1934 ipso
833 1859 937 1913 autem
959 1851 1104 1934 colloquii

82 1944 133 2008 die
152 1943 284 2025 utrique,
302 1942 406 2006 locum
424 1942 479 2024 qui
497 1942 692 2026 explorarent
714 1952 808 2026 atque
824 1944 911 2028 ipsos
930 1954 1103 2009 scrutaren-

10 2052 13 2059 '
82 2048 143 2114 tur,
162 2036 301 2112 mittunt3
320 2035 431 2099 deinde
444 2034 511 2119 ipsi.
520 2044 592 2099 sunt
605 2037 774 2120 congressi.
801 2036 853 2100 hic
867 2058 938 2100 eum
952 2037 1103 2120 aliquam·
1121 2056 1139 2102 3

83 2130 138 2194 diu
154 2130 188 2192 in
210 2128 363 2211 colloquio
380 2128 514 2192 fuissent
532 2138 573 2192 et·
585 2129 706 2194 diverse
724 2129 955 2208 discessissent,
979 2130 1103 2214 iamque
1184 2138 1186 2143 '

81 2222 192 2309 procul
209 2221 363 2286 Datames
382 2221 520 2300 abesset,
539 2222 748 2300 Mithridates,
767 2224 949 2308 priusquam
967 2225 1007 2288 ad
1029 2248 1102 2290 suos

82 2316 266 2403 perveniret,
285 2337 324 2379 ne
338 2337 433 2399 quam
446 2316 655 2404 suspicionem
667 2327 798 2401 pareret,
812 2318 844 2383 in
855 2319 987 2381 eundem
999 2317 1103 2382 locum

82 2410 246 2495 revertitur
264 2420 356 2493 atque
373 2409 427 2486 ibi,
446 2409 501 2474 ubi
518 2410 614 2482 telum
633 2420 698 2475 erat
714 2411 904 2495 impositum,
922 2410 1050 2486 resedit,
1069 2419 1104 2473 ut

84 2505 112 2569 si
128 2504 311 2568 lassitudine
330 2513 456 2588 cuperet
474 2504 680 2586 acquiescere,
698 2503 918 2586 Datamenque
935 2504 1102 2581 revocavit,

84 2596 235 2687 simulans
259 2619 292 2661 se
315 2597 464 2679 quiddam
485 2596 519 2660 in
541 2597 693 2680 colloquio
716 2619 785 2662 esse
808 2597 947 2660 oblitum.
980 2596 1139 2664 interime

83 2690 194 2766 telum,
222 2690 306 2773 quod
330 2689 461 2766 latebat,
487 2690 614 2775 protadit
643 2692 855 2773 nudatumque
881 2685 996 2776 vagina
1016 2702 1103 2754 reste

81 2783 161 2848 texit
179 2805 216 2847 ae
233 2783 363 2848 Datami
380 2784 515 2851 venienti
534 2785 590 2862 ait,
614 2784 839 2870 digredientem
858 2806 891 2848 se
910 2784 1104 2848 animadver-

81 2878 161 2941 tisse
182 2876 287 2941 locum
309 2878 479 2961 quendam,
507 2879 561 2960 qui
588 2888 653 2941 erat
674 2879 707 2941 in
725 2888 907 2962 conspectu,
935 2879 976 2942 ad
1002 2887 1107 2942 eastra

81 2970 229 3056 ponenda
246 2992 316 3034 esse
333 2971 489 3035 idoneum.
517 2993 611 3054 quom
629 2993 701 3034 cum
719 2972 816 3056 digito
826 2971 1056 3048 ,demonstraret
1073 2979 1104 3034 'et
1122 2998 1140 3031 a
1257 2988 1260 2993 ·

81 3064 135 3129 ille
162 3065 337 3149 respiceret,
365 3085 511 3130 aversum
536 3064 618 3130 ferro
644 3065 798 3130 transfixit
823 3065 982 3150 priusque,
1009 3087 1104 3148 quam

82 3156 250 3240 quisquam
276 3167 384 3242 posset
407 3179 599 3235 succurrere,
626 3158 789 3223 interfecit.
824 3159 868 3223 ita
892 3157 944 3222 ille
967 3157 1023 3234 vir,
1050 3157 1104 3240 qui

82 3249 198 3314 multos
221 3251 363 3337 consilio,
387 3252 542 3316 neminem
564 3251 695 3337 perfidia
721 3260 859 3336 ceperat,
884 3250 1028 3314 simulata
1053 3271 1105 3312 ea-

82 3354 157 3429 ptus
176 3353 223 3409 est
235 3345 386 3411 'amicitia'
1219 3336 1221 3341 ¹

339 3549 417 3615 xv.
452 3547 848 3634 urnuruounns.
929 3608 931 3615 s

134 3722 161 3786 Ι.
193 3720 444 3805 Epaminondas,
467 3719 613 3804 Polymui
639 3720 735 3797 filius,
763 3718 943 3783 Thebanus.
980 3719 1019 3783 de
1045 3717 1138 3781 hoel

83 3817 267 3901 priusquam
286 3814 469 3893 scribamus,
492 3814 570 3878 haee
587 3814 806 3899 praecipienda
823 3813 967 3877 videntur
984 3811 1105 3876 lectori-

84 3908 159 3985 bus,
185 3929 225 3971 ue
248 3906 365 3973 alienos
391 3932 494 3973 mores
513 3909 553 3972 ad
572 3930 647 3992 suos
667 3907 923 3984 referant,'neve
946 3927 997 3981 ea,
1024 3926 1104 3987 quae

84 4001 161 4087 ipsis
179 4000 297 4065 leviora
315 4005 395 4079 sunt,
413 4002 482 4088 pari
499 4001 593 4066 modo
607 4001 690 4085 apud
704 4010 823 4074 eeteros
837 4000 936 4063 fuisse
955 3997 1106 4063 arbitren-
