2564 4410
471 255 778 314 THEMISTOOLES.
1105 247 1139 312 ’9

111 375 200 453 fecit,
226 375 260 440 id
282 375 349 463 agi,
376 382 412 438 ut
428 394 524 459 pons,
552 394 646 456 quem
664 371 716 436 ille
733 372 768 436 in
784 370 992 458 Hellesponto
1011 373 1137 452 fecerat,

111 471 346 549 dissolveretur,
374 491 412 534 ac
432 469 535 533 reditu
552 467 586 531 in
601 466 717 531 Asiam
740 467 969 546 excluderetur3
996 468 1092 553 idque
1110 470 1139 533 ei

109 566 275 653 persuasit
310 566 416 649 itaque
439 585 502 647 qua
524 584 582 626 sex
602 560 764 627 mensibus
786 562 846 626 iter
867 561 998 640 fecerat,
1026 564 1171 630 eadema

85 660 214 725 “minus
233 657 345 724 diebus
364 657 492 744 triginta
508 657 542 725 iu
550 655 664 721 Asiam
682 678 826 721 reversus
845 665 893 722 est
911 678 1007 740 seque
1024 657 1139 723 aThe-

110 748 255 819 mieto'cle
272 775 336 818 non
354 760 548 836 superatum,
577 751 635 815 sed
657 759 875 815 conservatum
895 750 1054 816 iudicavit.
1092 753 1171 818 sica

109 849 204 913 unius
222 847 282 913 viri
298 846 464 933 prudentia
474 843 608 911 Graecia
621 844 753 910 liberata
765 855 823 922 est,
837 844 1048 931 Europaeque
1067 869 1138 911 suc-

111 943 220 1008 cubuit
236 940 327 1008 Asia.
362 942 441 1006 haec
463 940 561 1005 altera
581 940 725 1017 victoria,
748 961 920 1023 quaecum
936 939 1138 1005 Marathonio

110 1037 212 1122 possit
230 1036 403 1122 comparari
420 1045 557 1120 tropaeo.
584 1057 658 1099 nam
675 1034 744 1120 pari
762 1034 855 1099 modo
873 1035 958 1119 apud
976 1031 1139 1100 Salamina

110 1152 208 1216 parvo
224 1151 355 1194 numero
377 1129 506 1194 navium
527 1127 666 1192 maxima
681 1136 754 1213 post
770 1128 934 1193 hominum
955 1128 1138 1194 memoriam

112 1224 222 1289 classis
242 1233 290 1288 eet
307 1223 439 1289 devicta.

162 1319 221 1384 VI.
248 1317 389 1405 Magnus
407 1318 468 1382 hoc
485 1317 567 1382 bello
581 1316 811 1382 Themistocles
829 1316 898 1395 fui,
917 1339 1018 1401 neque
1036 1315 1138 1382 minor
1156 1339 1170 1384 1

109 1413 144 1477 in
160 1435 247 1498 pace.
276 1435 348 1477 cum
371 1413 455 1478 enim
472 1411 638 1477 Phalerico
659 1421 752 1496 portu
773 1433 875 1495 neque
897 1434 1013 1498 magno
1036 1433 1138 1496 neque

110 1505 194 1572 bono
211 1505 423 1572 Athenienses
446 1515 621 1583 uterentur,
643 1505 737 1569 huius
756 1506 885 1571 consilio
903 1506 1015 1591 triplex
1031 1504 1138 1571 Piraei

109 1608 219 1685 portus
242 1600 430 1665 constitutus
457 1608 518 1676 est,
545 1600 636 1682 isque
663 1599 826 1664 moenibus
850 1599 1075 1677 circumdatus,
1102 1608 1138 1664 ut

109 1695 213 1778 ipsam
238 1693 349 1756 urbem
375 1693 526 1778 dignitate
553 1692 782 1776 aequipararet,
808 1693 940 1758 utilitate
967 1702 1136 1779 superaret.

109 1787 195 1851 idem
208 1808 315 1850 muros
324 1784 568 1850 Atheniensium
580 1785 716 1850 restituit
728 1787 896 1871 praecipuo
911 1808 968 1851 suo
986 1788 1134 1873 periculo.
1155 1808 1172 1853 ‘r

111 1903 248 1965 namque
273 1881 519 1946 Lacedaemonii
550 1902 696 1945 caussam
726 1881 872 1946 idoneam
897 1883 981 1946 nacti
1010 1891 1148 1968 propter

110 1973 316 2039 barbarorum
349 1975 566 2052 excursiones,
598 1997 661 2058 qua
691 1984 843 2062 negarent
876 1985 1019 2061 oportere
1050 1986 1137 2040 extra

109 2067 366 2154 Peloponnesum
383 2070 480 2134 ullam
498 2068 609 2133 urbem
630 2068 760 2148 habere,
787 2091 828 2133 ne
850 2079 956 2135 essent
976 2069 1047 2134 loca
1067 2092 1137 2133 mu-

110 2163 190 2238 nita,
218 2184 298 2245 quae
324 2163 431 2228 hostes
458 2163 668 2249 possiderent,
696 2161 908 2229 Athenienses
935 2163 1135 2228 aedificantes

109 2257 276 2343 prohibere
308 2270 381 2324 sunt
407 2259 519 2324 conati.
559 2258 620 2323 hoc
645 2259 739 2346 longe
766 2259 827 2324 alio
854 2259 1018 2345 spectabat
1042 2267 1170 2342 atques

110 2352 210 2416 videri
228 2351 383 2418 volebant.
410 2350 624 2418 Athenienses
643 2353 727 2416 enim
745 2352 868 2418 duabus
887 2353 1039 2430 victoriis,
1063 2351 1136 2416 Ma

109 2445 254 2510 rathonia
266 2455 298 2511 et
313 2439 494 2523 Salaminia,
513 2455 632 2509 tantam
645 2445 778 2533 gloriam
796 2447 880 2531 apud
898 2469 1006 2512 omnes
1024 2455 1135 2532 gentes

109 2548 199 2603 erant
216 2539 388 2617 consecuti,
407 2549 443 2603 ut
459 2539 668 2626 intelligerent
684 2538 945 2618 Lacedaemonii,
964 2541 1003 2605 de
1020 2541 1136 2626 princi-

107 2642 187 2719 patu
205 2631 265 2697 sibi
287 2654 360 2696 cum
381 2632 430 2697 his
453 2642 611 2698 certamen
632 2633 710 2698 fore.
742 2654 838 2717 quare
857 2656 911 2699 eos
934 2656 1030 2718 quam
1050 2633 1170 2702 infir-4

105 2727 269 2792 missimos
279 2749 349 2792 esse
358 2726 514 2793 volebant.
540 2737 708 2814 postquam
717 2737 822 2793 autem
836 2729 1009 2805 audienmt
1028 2750 1134 2792 muros

106 2821 235 2899 instrui,
257 2821 380 2908 legatos
402 2820 547 2887 Athenas
574 2823 738 2900 miserunt,
761 2823 816 2905 qui
836 2822 870 2886 id
895 2822 963 2887 fieri
984 2831 1133 2887 vetarent

105 2917 160 2980 his
181 2914 398 3000 praesentibus
421 2915 581 2981 desienmt
602 2938 640 2980 ac
658 2939 692 2981 se
710 2917 750 2980 de
768 2937 806 2980 ea
822 2937 856 2981 re
877 2915 998 3001 legatos
1016 2916 1058 2980 ad
1079 2937 1133 2980 eos

106 3010 262 3074 missuros
281 3009 434 3074 dixerunt.
461 3009 543 3074 hanc
555 3010 743 3096 legationem
758 3010 896 3095 suscepit
904 3009 1133 3074 Themistocles
1153 3031 1170 3077 5

108 3115 141 3169 et
159 3104 244 3168 solus
262 3103 363 3190 primo
380 3104 539 3190 profectus
554 3115 615 3183 est3
633 3105 745 3189 reliqui
762 3105 858 3191 legati
875 3113 911 3168 ut
924 3113 991 3168 tum
1005 3104 1132 3180 exirent,

108 3220 183 3262 cum
201 3199 277 3263 satis
296 3197 426 3264 altitudo
439 3201 521 3264 muri
539 3208 697 3265 exstructa
713 3199 879 3276 videretur,
897 3199 1068 3284 praecepit:
1086 3199 1135 3262 in-

108 3293 200 3356 terim
219 3315 343 3371 omnes,
367 3293 449 3358 servi
467 3302 560 3377 atque
576 3293 680 3372 liberi,
704 3316 784 3380 opus
802 3293 940 3359 facerent
957 3314 1060 3376 neque
1076 3292 1134 3358 ulli

107 3387 178 3451 loco
195 3395 371 3472 parcerent,
396 3387 462 3452 sive
481 3409 583 3466 sacer,
606 3384 688 3474 [sive
704 3384 883 3474 profanus]
903 3387 970 3451 sive
991 3387 1132 3472 privatus

109 3488 203 3557 esset,
226 3481 292 3545 sive
309 3480 466 3573 publicus,
490 3490 520 3545 et
537 3482 685 3566 undique,
705 3482 790 3566 quod
807 3482 955 3569 idoneum
972 3481 1014 3546 ad
1030 3481 1134 3545 muni-

109 3574 226 3638 endum
241 3585 400 3661 putarent,
423 3586 635 3663 congererent.
670 3599 733 3661 quo
760 3577 958 3654 factumest,
980 3586 1016 3641 ut
1032 3575 1133 3641 Athe-

106 3667 264 3743 niensium
280 3670 363 3735 muri
380 3691 420 3734 ex
439 3670 560 3735 sacellis
580 3670 794 3756 sepulcrisque
811 3679 998 3737 constarent.

159 3761 236 3826 VII.
272 3763 499 3829 Themistocles
526 3773 644 3843 autem,
675 3774 711 3829 ut
735 3765 1010 3830 Lacedaemonem
1036 3762 1130 3839 venit,
1151 3783 1179 3828 1,
1276 3776 1279 3781 '

106 3855 194 3922 adire
212 3857 253 3920 ad
269 3858 469 3944 magistratus
487 3858 586 3924 noluit
603 3868 634 3923 et
646 3859 732 3924 dedit
749 3881 885 3944 operam,
904 3868 1047 3943 utquam
1063 3857 1132 3922 lon-

104 3948 237 4036 gissime
256 3959 379 4036 tempus
398 3952 539 4029 duceret,
558 3974 705 4018 caussam
721 3953 921 4039 interponens
941 3974 975 4016 se
993 3951 1130 4039 collegas

105 4054 298 4130 exspectare.
336 4067 407 4110 cum
424 4046 671 4114 Lacedaemonii
689 4055 909 4134 quererentur,
924 4066 1012 4128 opus
1024 4045 1150 4105 aldho-
