2564 4410
533 212 728 271 DATAMES.
1101 202 1144 266 43

114 355 250 420 magnus
270 340 358 396 esset
379 351 564 405 concursus,
591 328 652 392 fuit
640 337 732 393 tnon
754 350 860 405 nemo,
888 329 942 412 qui
960 339 1145 415 agnosceret

115 429 245 527 Τιιιιιιιιι
267 425 398 511 regique
420 423 586 488 nuntiaret.
614 423 716 507 primo
738 445 801 487 non
828 423 1062 488 accrediditit
1038 433 1180 507 itaquae

114 495 358 586 Pharnabazum
383 517 470 581 misit
496 516 700 601 exploratum.
737 538 840 600 aquo
867 527 1012 583 utrem
1020 528 1144 604 gestam

115 614 276 699 comperit,
296 611 401 676 statim
419 610 567 677 admitti
558 609 659 688 russit,
678 633 868 696 magnopere
887 611 1020 676 delectat
975 621 1058 676 atus
1076 620 1144 675 tum

114 709 242 784 factat
229 716 296 771 tum
313 713 438 783 ornatu3
456 704 491 768 in
507 703 626 790 primis,
645 705 730 787 quod
747 704 860 769 nobilis
878 727 935 769 rex
956 705 989 769 in
1006 714 1144 791 pottesa-
1208 785 1211 789 .

114 812 180 866 tem
197 799 370 886 inopinanti
387 807 523 864 venerat.
554 797 661 881 itaque
682 798 849 884 magnifice
866 797 1026 863 Datamen
1045 799 1142 863 dona·
1161 816 1176 863 5

113 905 184 959 tum
201 893 425 959 adexercitum
438 891 532 969 misit,
551 891 605 975 qui
619 901 686 956 tum
700 892 941 975 contrahebatur
954 894 1033 958 duce
1043 892 1144 959 Phar-

114 987 236 1053 nabazo
255 998 286 1053 et
305 987 486 1052 Tithrauste
505 986 545 1049 ad
562 984 681 1051 bellum
697 985 903 1072 Aegyptium,
922 987 1052 1072 parique
1071 1009 1144 1051 eum

115 1091 209 1165 atque
226 1081 297 1147 illos
314 1079 445 1165 imperio
464 1100 534 1145 esse
551 1078 653 1144 iussit.
679 1089 790 1164 postea
807 1102 881 1145 vero
900 1102 994 1164 quam
1002 1081 1144 1145 Pharna

114 1174 231 1239 bazum
248 1197 305 1238 rex
322 1172 490 1250 revocavit,
509 1172 555 1236 illi
573 1195 698 1237 summa
714 1171 837 1258 imperii
855 1174 968 1238 tradita
986 1184 1067 1239 sunt.

166 1267 225 1334 IV.
265 1268 330 1333 Hic
357 1265 429 1333 cum
455 1267 594 1350 maximo
621 1266 724 1332 studio
752 1277 946 1352 compararet
972 1268 1176 1332 exercituml

113 1362 363 1449 Aegyptumque
374 1360 531 1447 proficisci
543 1370 677 1446 pararet,
697 1353 801 1429 subito
815 1385 834 1426 a
847 1384 922 1448 rege
935 1362 1055 1426 litterae
1071 1371 1143 1426 sunt
1210 1374 1213 1379 '

114 1456 144 1520 ei
162 1457 288 1534 missae,
306 1465 343 1519 ιιι
350 1454 467 1540 Aspim
485 1456 717 1540 aggrederetur,
736 1455 791 1538 qui
802 1453 987 1521 Cataoniam
1002 1456 1141 1521 tenebat:

103 1573 196 1634 ‚quae
222 1573 301 1636 gens
326 1550 409 1614 iacet
440 1571 536 1634 supra
563 1548 723 1627 Ciliciam,
755 1551 885 1616 confinis
910 1551 1141 1636 Cappadociae.

112 1665 250 1726 namque
267 1637 367 1727 Aspis
391 1641 562 1706 saltuosam
583 1642 746 1727 regionem
767 1644 966 1727 castellisque
988 1645 1142 1710 munitam
1161 1661 1176 1707 ι
1201 1644 1204 1651 '

112 1736 253 1801 incolens
271 1758 335 1800 non
353 1734 455 1800 solum
476 1735 607 1821 imperio
624 1737 709 1822 regis
727 1758 790 1800 non
807 1737 952 1845 parebat,
973 1738 1032 1802 sed
1048 1740 1142 1803 etiam

60 1856 66 1865 ·
113 1829 193 1895 finit
172 1839 264 1895 trmas
282 1829 427 1916 regiones
441 1829 625 1894 vexabatt
592 1838 635 1911 et,
655 1852 736 1914 quae
749 1831 818 1916 regi
834 1839 1041 1916 portarentur,
994 1831 1142 1897 urabri·

112 1925 231 2012 piebat.
262 1925 471 2002 Datames,e
454 1924 513 1989 etsi
473 1925 628 2012 tlonge
646 1924 754 1990 aberat
776 1926 816 1991 ab
838 1927 893 1989 his
910 1880 1091 2012 regionibus
1112 1936 1179 1990 eta

52 2053 54 2058 v
113 2043 134 2084 a
151 2019 267 2084 maiore
289 2041 323 2083 re
346 2018 402 2084 abs
404 2019 547 2084 trahebat
535 2028 598 2096 t,ur
621 2028 728 2084 tamen
744 2019 829 2106 regis
846 2009 1001 2084 ιοιιιιιιιιι
977 2029 1141 2085 tmorem

113 2114 286 2199 gerendum
303 2121 360 2198 put
362 2113 434 2177 avit.
465 2113 572 2222 itaque
595 2135 666 2178 cum
684 2114 808 2199 paucis,
827 2113 932 2179 sed
902 2115 977 2179 viris
995 2114 1057 2179 fort
1058 2113 1139 2192 ibus,

112 2229 226 2271 navem
244 2207 440 2286 conscendit,
472 2207 670 2286 existimans,
698 2209 783 2293 quod
805 2209 931 2286 accidit,
907 2209 1082 2274 tfacilius
1107 2231 1141 2274 se

113 2301 344 2386 imprudentem
369 2324 468 2387 parva
493 2325 590 2366 manu
621 2325 845 2387 oppressurum
875 2325 971 2385 quam
996 2312 1141 2387 paratum

112 2396 257 2478 quamvis
275 2417 391 2480 magno
409 2394 557 2459 exercitu.
583 2394 644 2459 hac
661 2395 783 2460 delatus
801 2395 1011 2473 inCilioiam,
1035 2417 1141 2482 egres-
1159 2408 1176 2453 4

112 2511 167 2553 sus
185 2488 268 2565 inde,
289 2488 356 2552 dies
374 2488 622 2572 noctesqueiter
639 2489 769 2567 faciens,
790 2489 930 2554 Taurum
948 2490 1070 2554 transiit
1088 2512 1141 2555 eo·

111 2603 183 2665 que,
202 2603 265 2665 quc
284 2582 454 2660 studuerat,
473 2583 572 2660 venit3
590 2583 720 2666 quaerit,
740 2584 854 2667 quibus
871 2583 949 2648 locis
968 2583 1009 2648 sit
1025 2582 1139 2668 Aspis3

111 2675 284 2761 cognoscit,
302 2674 387 2740 haud
405 2675 498 2762 longe
512 2676 625 2741 abesse
638 2677 876 2763 profectumque
891 2700 963 2742 eum
980 2687 1138 2742 venatum.

75 2818 78 2823 .
110 2790 193 2851 quae
215 2769 292 2833 dum
314 2770 507 2855 speculatur,
531 2772 684 2845 adventus
708 2772 775 2837 eius
798 2793 911 2836 caussa
929 2771 1137 2857 cognoscitur.

109 2861 236 2928 Pisidas
264 2886 336 2929 cum
360 2864 414 2942 iis,
442 2887 522 2947 quos
550 2879 658 2929 secum
683 2864 833 2942 habebat,
862 2866 903 2929 ad
927 2864 1138 2929 resistendum

110 2955 211 3042 Aspis
238 2967 407 3044 comparat.
443 2960 476 3024 id
497 2958 730 3043 Datamesgubi
756 2958 890 3036 audivit,
917 2982 1005 3024 arma
1032 2959 1172 3037 sumit&

110 3074 185 3117 suos
205 3053 294 3137 sequi
316 3052 415 3131 iubet3
438 3053 507 3138 ipse
526 3075 606 3136 equo
625 3053 778 3118 concitato
801 3053 841 3118 ad
859 3053 983 3118 hostem
1004 3052 1136 3117 vehitur.

110 3168 204 3231 quem
226 3147 337 3232 procul
353 3146 453 3233 Aspis
477 3147 672 3233 conspiciens
696 3147 736 3216 ad
759 3170 793 3212 se
815 3147 968 3211 serentem
989 3147 1137 3231 pertime-
1167 3150 1169 3155 ’

110 3240 170 3305 scit
184 3250 277 3325 atque¹
291 3265 311 3306 a
323 3250 438 3307 conatu
450 3242 616 3307 resistendi
629 3241 794 3306 deterritus
814 3262 884 3306 sese
901 3238 1030 3304 dedidit.
1052 3239 1137 3304 hunc

108 3333 264 3401 Datames
282 3337 423 3401 vinctum
440 3337 482 3401 ad
497 3359 607 3422 regem
625 3336 803 3401 ducendum
821 3335 914 3400 tradit
931 3333 1118 3400 Mithridati.

160 3429 201 3494 V.
236 3430 328 3498 Haec
354 3430 430 3494 dum
459 3443 624 3516 geruntrn,
651 3429 846 3495 Artaxerxes
872 3429 1089 3507 reminiscens,
1117 3438 1167 3494 al

108 3532 226 3606 quanto
243 3524 326 3590 bello
345 3525 385 3590 ad
404 3547 499 3609 quam
515 3548 647 3610 parvam
663 3548 730 3590 rem
752 3523 926 3609 principem
943 3523 1060 3589 ducum
1077 3524 1135 3588 mi-

108 3616 211 3693 sisset,
231 3640 265 3683 se
282 3620 351 3704 ipse
368 3619 617 3704 reprehenditet
604 3619 778 3684 tnuntium
795 3618 836 3683 ad
854 3619 970 3683 exercit
958 3628 1026 3684 tum
1042 3617 1136 3682 Acen

106 3704 210 3790 misit,
221 3714 306 3795 quod
323 3715 463 3778 nondum
480 3712 642 3778 Datamen
658 3713 834 3799 profectum
851 3712 998 3798 putabat,
1017 3733 1071 3795 qur
1061 3709 1135 3773 di·
1235 3789 1237 3794 ,

107 3814 204 3883 ceret,
228 3828 268 3870 ne
287 3805 326 3871 ab
345 3807 462 3873 exercit
462 3830 483 3871 u
450 3807 685 3872 tdiscederet.
716 3807 768 3872 hic
790 3808 974 3915 priusquam
990 3802 1135 3913 perveni·
1240 3804 1243 3811 '

105 3908 167 3975 ret,
195 3919 258 3982 quo
281 3909 347 3964 erat
367 3901 490 3986 profect
490 3924 542 3979 us,
570 3901 603 3964 in
628 3901 736 3966 itinere
761 3900 920 3975 convenit,
947 3919 1002 3981 qur
992 3890 1134 3983 Aspim

105 3991 271 4059 ducebant
249 4003 362 4091 tqua
378 3995 517 4061 'celeritat
474 4005 626 4060 ttecum
643 4018 792 4081 magnam
814 3990 1073 4059 benevolentiam
1083 4011 1177 4055 rs
