2564 4410
450 278 489 335 M.
503 276 666 336 PORCIUS
681 277 794 335 CATO.

217 506 258 548 EX
274 505 361 546 utero
381 503 517 546 CORNELII
533 501 654 545 NEPO'MS
670 502 710 542 DE
723 488 841 543 'mma
858 502 1028 546 meromcu.

302 626 434 702 XXIV.
471 631 517 696 M.
536 629 764 698 PORCIUS
790 629 939 697 CATO.

145 760 190 838 'L
215 772 263 836 M.
282 769 377 848 Cato,
397 779 483 835 ortus
504 767 673 854 municipio
691 766 845 845 Tusculo,
869 768 1129 846 adolescentulus,
1151 791 1163 836 1

111 868 295 953 priusquam
312 861 483 928 honoribus
501 884 628 947 operam
646 861 742 947 daret,
760 871 903 926 versatus
922 871 971 927 est
987 862 1021 926 in
1040 859 1134 929 Sabi-

112 961 177 1037 nis,
204 959 286 1044 quod
312 957 356 1022 ibi
381 955 542 1021 heredium
564 978 584 1019 a
603 964 692 1040 patre
713 955 856 1020 relictum
877 954 1023 1022 habebat.
1057 956 1164 1024 iudea

112 1054 237 1120 hortatu
253 1053 295 1116 L.
313 1050 432 1115 Valerii
449 1049 570 1127 Flacci,
589 1070 683 1133 quem
704 1048 921 1114 in¹eonsulatu
938 1071 1133 1134 censuraque

112 1147 222 1212 babuit
239 1145 401 1232 collegam,
419 1152 455 1208 ut
466 1143 514 1207 Μ.
524 1142 684 1228 Perperna
701 1143 861 1209 censorius
878 1167 1004 1210 narrare
1022 1146 1141 1211 solitus·

112 1250 174 1318 est,
193 1240 328 1304 Romam
351 1237 538 1324 demigravit
558 1236 739 1320 inferoque
762 1259 832 1303 esse
855 1238 966 1324 coepit.
997 1240 1134 1325 primum

114 1334 302 1419 stipendium
320 1333 433 1397 meruit
450 1354 602 1397 annorum
620 1331 729 1397 decem
748 1344 938 1418 septemque.
967 1332 1007 1417 Q.
1021 1334 1132 1413 Fabio,

107 1428 161 1492 M.
181 1424 314 1494 Claudio
340 1426 521 1492 consulibus
547 1424 690 1491 tribunus
717 1427 851 1491 militum
876 1426 910 1492 in
933 1425 1043 1497 Sicilia
1063 1428 1132 1493 fuit.

112 1523 185 1588 inde
202 1531 237 1587 ut
254 1521 354 1597 rediit,
374 1529 476 1584 castra
493 1529 619 1586 secutus
637 1531 685 1585 est
702 1527 739 1585 P.
760 1520 885 1600 Claudii
902 1521 1050 1601 Neronis,
1068 1547 1135 1588 ma·

113 1617 230 1704 guique
248 1637 344 1704 opera
361 1613 429 1678 eius
448 1612 625 1678 existimata
647 1614 745 1679 estin
765 1616 884 1700 proelio
902 1618 987 1702 apud
1006 1615 1133 1695 Senam,

114 1731 176 1794 quo
195 1707 307 1773 cecidit
315 1705 508 1784 Hasdrubal,
527 1706 623 1772 frater
631 1707 831 1775 Hannibalis.
858 1719 1005 1792 quaestor
1023 1711 1136 1798 obtigit
1153 1725 1168 1772 3

113 1804 152 1869 Ρ.
161 1801 316 1868 Africano
334 1801 463 1879 consuli,
483 1823 555 1866 cum
567 1822 631 1885 quo
643 1824 707 1867 non
723 1824 780 1887 pro
795 1803 886 1868 sortis
904 1804 1134 1871 necessitudine

113 1898 206 1964 vixit:
228 1917 364 1981 namque
379 1895 418 1961 ab
437 1917 474 1960 eo
491 1905 642 1981 perpetua
659 1896 807 1963 dissensit
824 1897 897 1962 vita.
924 1898 1033 1963 aedilis
1050 1897 1136 1983 plebi
1153 1913 1169 1959 4
1274 1964 1278 1975 ,

56 2075 59 2081 Ι
114 1995 217 2060 factus
245 2002 292 2057 est
318 2013 390 2056 cum
414 1990 452 2056 O.
470 1990 596 2056 Helvio.
632 2000 757 2077 praetor
781 1991 976 2078 provinciam
1002 1991 1137 2059 obtinuit

116 2082 307 2162 Sardiniam,
332 2101 371 2151 e‘x
388 2107 452 2169 qua
468 2096 616 2169 quaestor
633 2085 792 2170 superiore
810 2095 948 2172 tempore
967 2108 1007 2152 ex
1023 2085 1135 2152 Africa

114 2181 269 2247 decedens
293 2179 334 2265 Q
352 2178 492 2244 Ennium
517 2189 643 2265 poetam
669 2179 854 2258 deduxerat,
882 2180 968 2264 quod
992 2203 1056 2246 non
1078 2181 1136 2245 mi-

114 2276 198 2341 noris
222 2274 437 2339 existimamus
459 2295 555 2357 quam
577 2272 749 2357 quemlibet
773 2274 1004 2361 amplissimum
1028 2271 1136 2341 Sardi-

115 2371 256 2435 niensem
273 2366 474 2453 triumphum.
1214 2430 1217 2435 .

143 2463 210 2527 Π.
243 2460 451 2527 Consulatum
477 2460 577 2547 gessit
603 2482 675 2525 cum
691 2462 733 2526 L.
751 2460 878 2526 Valerio
895 2461 1025 2540 Flacco,
1053 2470 1168 2527 sortcl

108 2556 307 2643 provinciam
324 2564 434 2619 nactus
447 2554 680 2640 Hispaniam
654 2555 835 2633 citeriorem,
854 2577 955 2638 exque
974 2555 1011 2621 e'a
1028 2556 1137 2621 trium-

25 2650 28 2655 ’
114 2652 214 2738 phum
236 2649 418 2736 deportavit.
397 2648 499 2713 tibi
525 2670 596 2713 cum
623 2648 739 2714 diutius
766 2659 951 2727 moraretur,
969 2648 1007 2715 P.
1028 2647 1169 2735 Scipion

114 2744 296 2821 Africanus,
314 2740 425 2808 consul
442 2741 569 2820 iterum,
589 2742 677 2807 cuius
695 2743 729 2806 in
745 2743 841 2828 priori
858 2743 1023 2808 consulatu
1041 2763 1137 2826 quae-

84 2886 88 2891 ·
116 2848 181 2904 stor
201 2837 317 2914 fuerat,
338 2836 440 2900 voluit
461 2858 533 2900 eum
551 2835 590 2900 de
612 2835 774 2922 provincia
791 2834 945 2920 depellere
968 2844 1000 2901 et
1020 2836 1136 2922 ipse-ei

115 2929 296 3008 succedere3
322 2950 424 3013 neque
450 2929 511 2994 hoc
536 2951 594 3015 per
620 2937 762 2993 senatum
780 2928 904 2994 efficere
925 2929 1036 3014 potuit,
1065 2952 1136 3012 cum

115 3024 242 3109 quidem
252 3022 360 3109 Scipio
377 3023 585 3110 principatum
602 3023 636 3087 in
654 3021 778 3087 civitate
791 3021 953 3101 obtineret,
972 3023 1057 3108 quod
1070 3032 1137 3087 tum

115 3141 178 3184 non
199 3117 352 3204 potentia,
377 3117 433 3182 sed
454 3117 520 3181 iure
541 3138 593 3182 res
614 3115 741 3202 publica
759 3116 1041 3182 administrabatur.
1074 3137 1138 3199 qua

116 3234 156 3279 ex
176 3233 210 3277 re
232 3211 331 3276 iratus
355 3220 478 3288 senatu,
503 3210 667 3276 consulatu
689 3219 815 3295 peracto
841 3208 1038 3295 privatus'in
1059 3207 1136 3273 urbe

115 3305 239 3369 mansit.
267 3302 401 3381 atCatO,
420 3325 531 3369 censor
548 3325 619 3368 eum
637 3304 748 3369 eodem
760 3303 876 3369 Flacco
894 3302 1007 3380 factus,
1027 3323 1135 3367 severe
1154 3321 1168 3368 3

113 3397 251 3484 praefuit
263 3398 292 3462 ei
308 3396 464 3482 potestati.
491 3392 609 3462 namet
626 3396 660 3461 in
673 3396 848 3483 complures
862 3395 983 3461 nobiles
998 3395 1138 3461 animad-

115 3492 256 3571 vertitet
273 3491 455 3555 multas-res
469 3512 566 3556 novas
584 3491 618 3555 in
635 3491 772 3556 edictum
785 3490 913 3567 addidit,
932 3510 1028 3575 quare
1045 3489 1138 3553 luxu·
1221 3498 1224 3505 '

115 3586 162 3650 ria
178 3585 410 3671 reprimeretur,
434 3606 514 3668 quae
534 3586 598 3650 iam
615 3597 682 3650 turn
699 3585 868 3672 incipiebat
884 3585 1046 3671 pullulare.
1079 3584 1137 3647 cir·
1155 3606 1170 3650 4

116 3681 192 3745 citer
218 3702 317 3745 annos
344 3680 515 3765 octoginta,
543 3701 644 3764 usque
671 3680 711 3745 ad
739 3689 911 3745 extremam
938 3688 1073 3744 aetatem
1095 3676 1136 3741 ab

55 3780 58 3785 ’
116 3775 335 3863 adolescentia,
353 3776 399 3840 rei
415 3773 559 3860 publicae
577 3796 691 3840 caussa
708 3775 866 3860 suscipere
879 3772 1055 3839 inimicitias
1073 3792 1137 3834 non

116 3867 243 3933 destitit.
278 3890 299 3933 a
320 3869 424 3934 multis
452 3877 588 3933 tentatus
610 3890 673 3933 uon
698 3869 794 3934 modo
820 3869 941 3933 nullum
970 3865 1138 3931 detrimen·

115 3972 184 4027 tum
201 3961 438 4029 existimationis
457 3962 541 4040 fecit,
562 3963 627 4041 sed,
646 3962 750 4047 quoad
767 3963 858 4041 vixit,
877 3962 1029 4026 virtutum
1044 3958 1138 4025 laude

117 4056 222 4123 crevit.

708 4125 945 4231 *a*
