2564 4410
212 245 255 310 94
543 253 727 311 CORNELII
741 254 902 313 NEPOTIS

212 394 337 458 quoque
356 380 457 448 ortus,
477 391 556 454 quos
574 369 708 434 honores
727 369 905 455 quibusque
923 371 1117 458 temporibus
1136 374 1243 461 cepis-

213 476 274 545 set3
292 465 361 552 pari
378 464 472 530 modo
490 462 634 528 Marcelli
654 461 793 541 Claudii,
819 461 889 550 [de]
907 463 1147 545 Marcellorum,
1169 466 1244 535 Sci-

210 561 314 648 pionis
325 558 463 625 Cornelii
481 567 512 623 et
520 556 613 622 Fabii
621 557 766 635 Maximi,
784 557 957 623 Fabiorum
976 568 1007 624 et
1016 560 1241 628 Aemiliorum.

177 648 325 740 cquib'us
352 652 440 718 libris
467 651 674 737 nihil-potest
700 674 770 717 esse
792 651 915 717 dulcius
937 652 990 730 iis,
1019 654 1073 739 qui
1099 654 1242 739 aliquam

177 772 193 817 t·
210 748 414 834 cupiditatem
426 746 544 817 habent
553 745 688 810 notitiae
701 745 857 811 clarorum
869 745 1016 812 virorum.
1043 747 1149 835 attigit
1162 765 1243 833 quo-

95 850 111 927 t
211 865 272 927 que
293 841 452 928 poeticen3
479 841 649 919 credimus,
672 861 712 905 ne
731 839 798 905 eius
822 862 934 925 expers
956 849 1041 906 esset
1063 843 1240 927 suavitatis.

12 914 175 1009 raadt‘ll
211 957 347 1020 namque
364 934 524 1010 versibus,
546 930 603 1018 qui
619 934 737 999 honore
758 955 925 1017 rerumque
942 916 1247 1023 ςεεὶιιιιιᾶἶέἦῇῧε

9 1038 95 1081 f
178 1030 320 1098 etudine
341 1037 461 1094 ceteros
478 1028 615 1093 Romani
631 1029 740 1114 populi
761 1027 995 1114 praestiterunt,
1019 1030 1167 1115 exposuit
1183 1032 1240 1109 ita,
1265 1028 1268 1033 ’

210 1135 247 1189 ut
260 1123 319 1190 sub
333 1123 528 1209 singidonum
545 1122 736 1208 imaginibus
754 1123 838 1187 facta
850 1122 1115 1208 magistratusque
1128 1146 1242 1190 eorum

211 1242 275 1284 non
305 1217 439 1304 amplius
467 1216 627 1300 quaternis
659 1216 824 1300 quinisque
850 1215 994 1281 versibus
1026 1217 1241 1304 descripserit,

211 1313 301 1397 quod·
313 1313 368 1376 vix
379 1310 576 1376 'credendum
594 1309 648 1387 sit,
672 1319 773 1374 tantas
791 1332 842 1374 res
861 1318 925 1374 tam
942 1309 1078 1376 breviter
1093 1313 1241 1398 potuisse

211 1406 370 1471 declarari.
399 1415 447 1470 est
464 1405 559 1469 etiarn
576 1426 657 1468 unus
676 1402 764 1481 liber,
780 1401 901 1469 Graece
915 1405 1085 1504 confectus,
1105 1406 1147 1471 de
1165 1428 1244 1472 con-

213 1501 317 1565 sulatu
336 1498 507 1565 Ciceronis.
839 1542 843 1547 ·

178 1617 191 1661 1
261 1593 363 1658 XIX.
390 1594 554 1659 Hactenus
568 1591 676 1658 Attico
694 1593 767 1658 vivo
785 1592 869 1658 edita
886 1591 1014 1660 anobis
1032 1604 1114 1660 sunt.
1142 1618 1241 1676 nunc,

211 1687 360 1773 quoniam
387 1687 513 1753 fortuna
538 1710 595 1752 nos
625 1687 807 1772 superstites
831 1686 860 1752 ei
883 1709 953 1753 esse
975 1688 1089 1768 voluit,
1115 1690 1242 1775 reliqua

150 1850 153 1855 ,
210 1804 449 1873 persequemur,
477 1792 521 1860 et,
544 1791 695 1866 quantum
721 1781 929 1868 potuerimus,
957 1774 1061 1847 rorum
1084 1787 1241 1870 exemplis

210 1878 342 1944 lectores
360 1875 558 1967 docebimus,
582 1876 663 1941 sicut
680 1899 776 1961 supra
794 1875 1053 1962 significavimus,
1077 1900 1153 1943 suos
1173 1881 1242 1945 cui·

25 2028 31 2036 .
137 1986 139 1991 '
176 1992 272 2057 aque
294 1993 396 2037 mores
422 1971 606 2057 plerumque
629 1971 793 2036 conciliare
820 1970 987 2036 fortunam.
1023 1979 1160 2056 namque
1186 1973 1241 2040 hic

211 2074 374 2131 contentus
398 2065 506 2131 ordine
528 2065 678 2149 equestri,
701 2087 764 2148 quo
788 2075 854 2129 erat
875 2074 976 2143 ortus,
999 2066 1033 2131 in
1050 2064 1241 2133 affinitatem

186 2159 353 2245 ¹‘pervenit
373 2154 571 2245 imperatoris
586 2158 665 2223 Divi
686 2158 755 2236 filii,
778 2180 852 2223 oum
868 2159 932 2224 iam
949 2169 1022 2224 ante
1043 2160 1242 2227 familiarita

210 2264 275 2318 tem
301 2254 369 2320 eins
392 2263 476 2319 esset
498 2264 689 2319 consecutus
711 2253 798 2319 nulla
819 2253 881 2318 alia
901 2275 935 2318 re
957 2274 1053 2336 quarn
1080 2254 1240 2343 elegantia

210 2349 307 2426 vitae',
334 2357 544 2439 Qttlssrtlss
568 2355 696 2434 ,ceperat
720 2348 878 2435 principes
905 2340 1061 2426 civitatis,
1070 2342 1238 2435 ‘dignitate

177 2463 192 2509 3
209 2436 432 2528 parisiortuna
448 2441 639 2508 humiliores.
666 2452 752 2507 tanta
766 2440 1053 2528 enim'prosperitas
1064 2441 1240 2509 Caesarem

211 2546 259 2602 est
276 2546 457 2614 consecuta,
475 2546 512 2602 ut
528 2537 606 2602 nihil
623 2538 653 2602 ei
669 2559 733 2601 non
750 2535 892 2623 tribuerit
909 2536 1048 2614 fortuna,
1067 2537 1154 2620 quod
1171 2538 1240 2602 cui-

210 2653 305 2714 quam
323 2641 395 2696 ante
412 2631 567 2709 detulerit,
586 2642 617 2696 et
631 2631 810 2709 conciliarit,
830 2632 915 2715 quod
932 2653 1025 2696 nemo
1039 2631 1144 2697 adhuc
1156 2631 1238 2697 civis

175 2725 373 2792 sRomanus
395 2726 496 2811 quivit
518 2726 676 2810 consequi.
712 2735 786 2790 nata
808 2736 857 2790 cst
878 2734 983 2791 autem
1000 2722 1109 2789 Attico
1131 2728 1238 2812 neptis

210 2842 250 2884 ex
266 2819 425 2907 Agrippa,
445 2820 496 2885 cui
513 2821 666 2908 virginem
684 2820 781 2885 filiam
798 2819 972 2885 collocarat
1003 2819 1084 2901 hano
1103 2816 1237 2897 Caesar,

209 2913 263 2976 vix
281 2914 467 2992 anniculam,
487 2914 614 2980 Tiberio
624 2914 758 2981 Claudio
766 2913 892 2991 Neroni,
911 2911 1053 2979 Drusilla
1068 2921 1154 2990 nato,
1172 2914 1239 2999 pri-

208 3008 304 3095 vigno
323 3031 391 3087 suo,
410 3010 590 3095 despondit3
609 3032 689 3094 quae
708 3010 884 3076 coniunctio
901 3008 1165 3075 necessitudinem
1182 3030 1239 3074 eo-

209 3126 280 3168 rum
298 3105 410 3183 sanxit,
430 3104 674 3171 familiaritatem
690 3105 826 3170 reddidit
843 3104 1095 3188 frequentiorem.

177 3218 189 3262 1
259 3198 343 3263 XX.
372 3196 526 3282 Quamvis
545 3208 617 3264 ante
635 3200 712 3264 haec
727 3198 889 3285 sponsalia
898 3220 962 3263 non
976 3196 1088 3274 solum,
1108 3218 1180 3261 cum
1197 3196 1240 3261 ab

209 3291 287 3358 urbe
313 3293 452 3371 abesset,
480 3316 653 3378 numquam
674 3293 716 3358 ad
742 3314 871 3358 suorum
897 3290 1088 3376 quemquam
1113 3288 1235 3357 litteras

209 3386 307 3463 misit,
330 3387 407 3471 quin
427 3386 537 3452 Attico
558 3388 708 3464 mitteret,
732 3387 809 3470 quid
830 3396 950 3472 ageret,
972 3383 1136 3471 inprimis
1159 3383 1236 3467 quid

208 3478 339 3565 legeret,
367 3481 545 3566 quibusque
566 3482 600 3546 in
621 3480 696 3547 locis
719 3490 751 3545 et
772 3480 923 3564 quamdin
941 3488 1025 3545 esset
1046 3486 1236 3555 moraturus,

175 3592 190 3639 a
210 3572 383 3652 sedetiam,
399 3597 472 3640 oum
485 3584 569 3641 esset
581 3574 615 3641 in
627 3572 704 3639 urbe
718 3584 749 3640 et
761 3583 889 3660 propter
900 3572 1038 3637 infinitas
1052 3596 1128 3663 suas
1142 3593 1237 3637 oceu-

208 3668 350 3754 pationes
364 3668 468 3733 minus
479 3691 582 3755 saepe,
597 3690 693 3753 quam
705 3668 809 3746 vellet,
824 3667 931 3733 Attico
944 3664 1110 3744 frueretur,
1129 3664 1237 3731 nullus

209 3762 277 3828 dies
299 3770 415 3827 temere
436 3762 625 3840 intercessit,
648 3783 711 3845 quo
732 3784 796 3827 non
818 3762 859 3827 ad
881 3783 954 3825 eum
976 3759 1139 3837 scriberet,
1162 3780 1237 3823 cum

209 3856 302 3922 modo
325 3856 443 3945 aliquid
465 3856 504 3920 de
526 3856 709 3943 antiquitate
732 3856 772 3922 ab
795 3878 833 3921 eo
854 3854 1038 3939 requireret,
1061 3854 1157 3920 modo
1179 3852 1238 3918 ali-

209 3970 304 4033 quam
317 3950 532 4034 quaestionem
540 3951 695 4036 poeticam
705 3950 734 4015 ei
746 3958 941 4037 proponeret,
955 3948 1111 4013 interdurn
1124 3948 1242 4039 iocans·

165 4063 188 4110 a
204 4043 276 4109 eius
299 4044 493 4112 verbosiores
516 4044 640 4111 eliceret
662 4043 820 4131 epistolas.
857 4066 897 4109 ex
919 4065 982 4130 quo
1004 4042 1132 4119 accidit,
1161 4063 1235 4107 oum
