2564 4410
138 249 181 314 68
470 253 653 313 CORNELII
668 254 834 312 NEPOTIS

351 473 354 477 ,
456 420 558 485 xrx.
594 382 846 487 Puoorou.

105 589 120 635 1
192 564 219 627 1.
247 560 389 626 Phocion
406 556 611 623 Atheniensis
630 557 690 622 etsi
708 580 802 644 saepe
821 558 1008 624 exercitibus
1027 560 1168 645 praefuit

139 676 343 739 summosque
361 652 562 739 magistratus
576 652 667 737 cepit,
688 661 793 717 tamen
809 652 908 717 multo
922 652 989 717 eius
1002 654 1108 720 notior
1119 655 1169 721 in·

138 750 268 839 tegritas
286 748 369 814 vitae
391 769 486 830 quam
502 747 549 811 rei
566 746 708 811 militaris
725 745 823 845 lqbor.
854 746 960 831 itaque
981 747 1077 814 huius
1099 770 1168 815 me-

139 846 238 912 moria
255 853 303 909 est
319 841 415 919 nulla,
433 840 516 906 illius
535 851 641 906 autem
657 863 775 927 magna
791 841 886 919 fama,
909 863 949 906 ex
966 863 1029 925 quo
1047 864 1168 930 cogno·

105 961 120 1008 2
138 941 222 1005 mine
243 938 354 1003 Bonus
376 945 426 1001 est
447 935 631 1021 appellatus.
666 935 728 999 suit
749 935 833 999 enim
856 944 1008 1021 perpetuo
1032 958 1165 1023 pauper,

138 1056 211 1098 eum
232 1030 439 1097 divitissimus
465 1050 536 1094 esse
560 1037 817 1114 posset-propter
842 1027 1020 1112 frequentes
1043 1030 1166 1098 delatos

136 1127 270 1192 honores
283 1133 518 1211 potestatesque
532 1145 681 1201 summas,
700 1144 781 1206 quae
795 1122 824 1187 ei
837 1146 856 1187 a
867 1122 985 1209 populo
999 1122 1166 1191 dabantur.

104 1244 119 1291 3
137 1223 190 1287 hic
208 1244 280 1303 cum
299 1245 318 1286 a
334 1242 409 1307 rege
426 1218 575 1303 Philippo
595 1239 727 1283 munera
748 1241 882 1305 magnae
903 1219 1055 1304 pecuniae
1071 1243 1168 1308 repu-

136 1317 249 1394 diaret,
276 1315 434 1402 legatique
456 1312 652 1376 hortarentur
673 1311 815 1398 accipere
837 1313 992 1398 simulque
1014 1314 1169 1381 admone-

135 1420 214 1487 rent,
234 1411 262 1475 si
283 1411 352 1495 ipse
369 1409 418 1473 his
437 1406 529 1472 facile
548 1415 678 1484 careret,
701 1405 808 1471 liberis
830 1418 935 1473 tamen
958 1408 1024 1475 suis
1040 1412 1168 1497 prospi.

136 1512 233 1581 ceret,
257 1503 373 1588 quibus
396 1501 524 1566 difficile
546 1510 631 1566 esset
647 1501 681 1564 in
700 1523 823 1567 summa
839 1512 1025 1588 paupertate
1041 1513 1167 1571 tantam

101 1607 297 1683 epatemam
318 1596 399 1662 tueri
415 1595 560 1683 gloriam,
588 1595 637 1661 his
666 1594 719 1660 ille
746 1593 893 1676 „simei
919 1596 1037 1662 similes
1063 1610 1166 1678 erunt,

136 1693 219 1757 idem
228 1691 310 1769 hio,“
323 1690 437 1775 inquit,
454 1690 594 1776 „agellus
607 1689 679 1754 illos
693 1689 765 1768 alet,
780 1690 835 1774 qni
849 1712 901 1755 me
914 1691 956 1756 ad
967 1690 1049 1757 hano
1063 1692 1169 1780 digni-

101 1792 105 1799 '
137 1795 234 1852 tatem
250 1785 411 1871 perduxit3
434 1784 484 1849 sin
505 1782 674 1849 dissimiles
694 1792 767 1848 sunt
788 1784 896 1862 futuri,
919 1785 992 1851 nolo
1009 1787 1090 1853 meis
1106 1788 1169 1853 im-

135 1874 243 1966 pensis
261 1879 386 1945 illorum
402 1879 445 1945 ali
462 1879 632 1964 augerique
649 1878 837 1944 luxuriam.“

104 1996 117 2041 1
188 1974 233 2039 11.
259 1974 351 2040 Idem
372 1995 445 2039 cum
462 1994 560 2058 prope
578 1974 619 2037 ad
632 1995 749 2038 annum
770 1973 997 2060 octogesimum
1014 1996 1169 2062 prospera

135 2067 330 2153 pervenisset
338 2066 472 2145 fortuna,
492 2068 638 2132 extremis
653 2067 845 2153 temporibus
855 2069 1167 2155 magnuminodium

102 2181 117 2228 2
135 2161 277 2246 pervenit
299 2183 428 2226 suorum
450 2160 579 2238 civium,
611 2161 727 2246 primo,
754 2163 840 2245 quod
861 2184 934 2227 cum
954 2161 1102 2229 Demade
1126 2166 1166 2231 de

46 2294 49 2299 -
135 2254 213 2320 urbe
244 2255 396 2321 tradenda
424 2253 594 2340 Antipatro
630 2265 831 2321 consenserat
868 2257 998 2342 eiusque
1032 2259 1169 2326 consilio

134 2349 367 2416 Demosthenes
395 2370 467 2413 curn
494 2349 619 2428 ceteris,
647 2350 701 2434 qui
733 2348 814 2416 bene
836 2350 876 2415 de
897 2373 932 2416 re
953 2349 1083 2437 publica
1098 2376 1168 2419 me-

135 2444 186 2508 riti
204 2443 475 2521 existimabantur,
493 2443 601 2529 populi
625 2444 704 2509 scito
725 2444 758 2508 in
777 2444 905 2509 exilium
926 2453 1013 2509 erant
1030 2446 1167 2531 expulsi.

137 2557 240 2619 neque
261 2538 295 2601 in
313 2559 350 2602 eo
373 2536 476 2602 solum
499 2536 686 2613 offenderat,
709 2537 794 2620 quod
814 2538 933 2622 patriae
950 2538 1033 2603 male
1050 2560 1169 2605 consu·

135 2630 249 2708 luerat,
269 2631 326 2695 sed
348 2630 456 2707 etiam,
479 2631 566 2713 quod
587 2630 741 2695 amicitiae
758 2630 854 2695 fidem
875 2654 939 2696 non
955 2632 1166 2718 praestiterat.

5 2782 8 2787 .
102 2748 116 2795 3
135 2744 270 2808 namque
288 2732 398 2789 auctus
422 2723 610 2807 adiutusque
628 2747 647 2790 a
663 2723 881 2790 Demosthene
899 2748 981 2803 eum,
1004 2747 1101 2810 quem
1118 2736 1168 2793 te·

136 2819 246 2897 nebat,
270 2818 455 2884 ascenderat
471 2818 620 2904 gradum,
644 2840 716 2883 cum
734 2819 885 2885 adversus
905 2818 1072 2886 Charetem
1091 2843 1168 2887 eum

136 2912 335 2991 subornaret3
363 2912 403 2978 ab
431 2913 543 2978 eodem
567 2914 601 2977 in
622 2913 761 2992 iudiciis,
789 2937 862 2979 cum
884 2914 994 3001 capitis
1015 2912 1169 2983 caussam

137 3007 264 3095 diceret,
283 3005 432 3071 defensus
447 3007 611 3090 aliquoties
625 3007 774 3074 hberatus
788 3009 985 3075 discesserat
1002 3009 1088 3075 hunc
1100 3033 1170 3076 non

101 3123 118 3169 4
137 3101 240 3167 solum
255 3100 291 3164 in
306 3100 454 3186 perieulis
472 3123 537 3165 non
554 3101 707 3181 defendit,
731 3103 787 3168 sed
804 3103 900 3168 etiam
916 3102 1063 3189 prodidit.
1090 3124 1169 3170 con-

135 3198 210 3264 cidit
232 3207 338 3263 autem
359 3197 496 3262 maxime
517 3219 581 3262 uno
603 3197 744 3276 crimine,
772 3199 872 3282 quod,
898 3220 971 3265 cum
988 3198 1074 3283 apud
1091 3221 1168 3266 cum

136 3315 295 3357 summum
313 3301 397 3357 esset
413 3292 579 3377 imperium
595 3292 714 3378 populi,
733 3303 764 3358 ct
772 3292 971 3370 Nicanorem,
990 3291 1168 3359 Cassandri

135 3384 340 3469 praefectum,
358 3385 500 3450 insidiari
516 3384 630 3450 Piraeo
648 3384 892 3452 Atheniensium
909 3410 929 3451 a
939 3385 1081 3472 Dercylo
1097 3409 1169 3452 mo-

135 3486 269 3556 neretur,
282 3479 428 3563 idemque
441 3479 622 3564 postularet,
636 3488 672 3544 ut
683 3480 870 3565 provideret,
883 3503 924 3545 ne
938 3479 1167 3547 commeatibus

136 3570 246 3637 civitas
267 3572 455 3656 privaretur,
476 3572 551 3641 huic
569 3572 714 3638 audiente
735 3575 854 3660 populo
870 3573 1015 3640 Phocion
1036 3575 1166 3663 negavit

136 3686 207 3731 esse
224 3664 399 3751 perieulum
417 3688 514 3751 seque
531 3666 600 3733 eius
617 3667 662 3732 rei
681 3667 824 3733 obsidem
845 3669 914 3734 fore
930 3668 1089 3754 pollicitus
1106 3678 1167 3734 est.

103 3782 118 3828 5
136 3783 238 3847 neque
255 3761 300 3826 ita
316 3760 415 3826 multo
432 3772 505 3847 post
517 3761 775 3829 NicanorPiraeo
793 3773 842 3830 est
858 3764 986 3849 potitus.
1010 3764 1053 3829 ud
1069 3785 1167 3849 quem

136 3854 385 3942 recuperandum
398 3876 471 3920 cum
487 3856 624 3943 populus
642 3868 781 3924 armatus
794 3858 1012 3937 concurrisset,
1030 3857 1084 3923 illc
1101 3881 1168 3925 non

136 3950 231 4014 modo
252 3948 409 4015 neminem
430 3950 473 4015 ad
493 3974 580 4017 arma
596 3951 735 4031 vocarit,
758 3952 815 4017 sed
831 3974 872 4018 ne
889 3952 1017 4018 armatis
1035 3950 1167 4036 quidem

127 4063 283 4127 praeesse
291 4042 399 4110 voluit,
419 4044 486 4110 sine
499 4043 718 4130 qquthenao
727 4047 854 4113 omnino
863 4068 1007 4115 essenon
1018 4056 1166 4133 possunt.
