2564 4410
131 287 170 331 Vi
505 291 544 330 Du
564 289 701 331 CORNELII
717 290 838 331 Naroma

131 400 245 471 quidem
263 399 314 454 sod
332 400 369 454 ad
389 399 502 454 exitium
519 406 618 454 ruente
637 417 668 454 re
721 399 761 455 Ut
770 407 831 454 erat
841 400 938 468 Nepos
948 417 1056 454 summa
1064 415 1172 454 morum
1182 401 1223 455 iu·

129 468 432 539 publicamoribusque
441 468 471 521 in
481 468 667 522 deteriusmu-
685 468 817 548 tegritate
828 485 862 521 ac
872 468 1224 538 suavitate,quodpraeter

129 536 197 591 tatis
207 535 278 589 vidit
288 536 482 591 cruentissima
492 536 593 589 civium
603 552 667 589 con·
686 535 764 589 aliud
798 535 973 590 luculentum
1003 534 1225 590 testimonium18

129 611 175 659 tra
186 605 262 658 cives
276 604 366 673 bella,
385 603 456 658 vidit
468 604 567 658 turbas
581 610 667 676 atque
685 604 763 658 haud
774 604 832 658 scio
843 620 880 657 an
889 603 1067 658 familiaritas
1077 604 1224 659 cumCice·

131 674 234 728 caedes
244 672 386 727 Marianas
395 678 426 726 et
435 670 576 739 Sullanas,
593 669 668 726 Cati·
685 688 755 727 rone
774 677 803 726 et
818 670 915 726 Attico
940 678 1086 727 contracta
1104 672 1242 727 maxime‘

129 741 206 795 linae
217 742 320 808 scelus,
332 738 425 794 clodii
434 739 554 810 furores,
566 738 668 795 Caesa·
686 739 771 795 nobis
781 740 960 810 comprobet,
975 740 1016 794 ita
1024 740 1225 810 philosophiae

129 810 168 863 ris
178 809 411 878 dominationem,
421 825 573 879 prosperos
584 808 669 863 Octa·
687 808 812 878 favebat,
824 814 964 879 quatenus
973 815 1052 863 recte
1061 809 1175 863 vivendi
1184 808 1225 862 di·

129 876 205 932 viani
224 893 372 932 successus
391 883 421 931 et
437 877 551 948 longius
576 883 668 932 aetate
688 876 836 945 sciplinam
846 877 982 946 continet,
997 884 1030 930 ut
1044 893 1144 932 revera
1158 877 1225 930 stoi·

129 951 282 1018 provectus
292 944 331 999 M.
340 944 459 999 Antonii
466 944 617 1002 interitum
688 961 784 999 corum
797 945 905 1014 placita
919 950 1033 999 secutus
1046 961 1109 998 esse
1123 951 1225 1015 putan-

163 1013 259 1068 Minus
277 1013 361 1067 nobis
380 1013 524 1083 cognitum
547 1019 591 1068 est
606 1029 669 1083 per·
688 1012 740 1066 dus
751 1013 795 1067 sit.
814 1012 1224 1083 Namphilosophiamomnino

130 1087 323 1154 spectumque,
334 1079 437 1152 quibus
450 1082 670 1151 parentibus'or·
688 1098 798 1135 omnem
808 1080 835 1135 ei
844 1081 933 1137 fuisse
943 1080 1117 1150 contemptui
1125 1097 1227 1136 vereor

129 1157 175 1204 tus
190 1150 227 1205 sit
240 1155 270 1205 et
288 1151 429 1229 quomodo
445 1151 591 1204 educatus.
615 1150 669 1204 Ta·
687 1156 719 1203 ut
726 1158 804 1204 recte
819 1149 874 1204 sibi
881 1150 1080 1228 persuaserint
1096 1149 1227 1204 homines

129 1234 195 1273 men
205 1235 240 1273 ex
249 1218 418 1273 totiusvitae
430 1218 490 1272 eius
499 1218 658 1272 rationibus
708 1218 802 1271 uidem
812 1218 889 1271 doctr
897 1224 1017 1288 propter
1024 1217 1170 1273 Lactantii
1184 1218 1226 1271 iu-

131 1293 267 1367 quantum
282 1303 332 1341 eas
345 1286 479 1357 persequi
492 1286 573 1353 licet,
592 1259 669 1340 haud
688 1235 826 1339 diciumu
843 1285 945 1357 Neque
955 1286 1104 1356 eascripta
1114 1283 1227 1341 Cicero·

130 1359 228 1426 inepte
239 1355 369 1475 colliqas,
380 1370 444 1407 eum
452 1355 556 1422 nobili,
567 1355 669 1408 fortas-
687 1352 745 1421 nis,
756 1369 829 1424 quae
838 1354 937 1424 Nepos
947 1354 1070 1426 legenda
1077 1371 1136 1409 non
1145 1364 1226 1425 puta·

129 1423 195 1478 sise
216 1422 305 1477 uestri
326 1427 517 1477 oconatumat
537 1440 572 1478 ue
583 1422 669 1477 omni·
688 1422 763 1492 vit,20
791 1422 1144 1493 hilosophicaaccipienda
1153 1439 1227 1487 esse,

128 1492 184 1546 bus
197 1439 263 1546 ‘iere
280 1490 315 1545 iis
334 1491 442 1545 artibus
466 1496 495 1544 et
532 1490 669 1561 1sciplinis
688 1490 765 1562 quod
809 1490 974 1561 eusingerus
991 1490 1082 1545 voluit
1096 1507 1159 1545 cum
1171 1492 1227 1544 Po·

128 1559 288 1613 institutum
306 1574 383 1627 esse,
403 1559 505 1629 quibus
524 1559 582 1612 illis
601 1565 669 1613 tem·
687 1576 765 1628 pma,
787 1559 838 1613 sed
850 1560 966 1641 poetica
980 1559 1153 1615 recentiores
1173 1559 1228 1612 viri

128 1627 248 1711 poribus
262 1626 379 1698 ingenui
387 1627 580 1681 Romanorum
588 1626 669 1697 pueri
688 1628 766 1681 docti
774 1627 848 1682 bene
857 1628 1090 1683 intellexerimus

129 1696 239 1751 institui
249 1696 421 1765 solebamus
454 1713 523 1751 nare
538 1712 669 1750 cumnon
723 1694 852 1750 Otiosum
861 1703 982 1766 tempus,
992 1713 1049 1767 qno
1059 1695 1152 1766 ipsum
1179 1712 1227 1750 ro·

131 1764 221 1819 solum
239 1763 425 1835 popularibus
462 1764 599 1833 istoricis,
622 1781 669 1818 ve·
707 1769 751 1817 ter
771 1780 918 1818 munerum
939 1764 1116 1819 vacationem
1138 1713 1229 1819 agun-

128 1850 192 1887 rum
201 1831 285 1887 etiam
295 1830 414 1888 Graecis
425 1833 624 1902 scriptoribus,
638 1836 670 1885 ut
686 1782 772 1886 desse
783 1848 869 1901 supra
879 1832 1063 1898 ostendimus,
1074 1832 1229 1887 collocavit

130 1901 179 1973 qui
194 1900 297 1956 Graeci
310 1901 447 1955 sermonis
461 1902 569 1970 peritus
584 1906 668 1968 esset,
686 1899 717 1953 in
726 1898 884 1953 scribendis
894 1899 1028 1955 historiis.
1041 1900 1136 1971 Atque
1148 1917 1182 1954 ex
1191 1900 1227 1955 iis

129 1969 270 2040 insignem
280 1985 394 2037 operam
419 1968 577 2023 raestitisse
588 1967 668 2021 dubi·
688 1967 815 2038 quidem,
834 1984 907 2039 qnae
926 1967 1051 2039 scripsit,
1069 1972 1228 2037 temporum

128 2037 184 2091 tari
197 2037 243 2090 vix
256 2042 360 2106 potest.
418 2037 441 2089 's
457 2036 556 2089 studiis
570 2035 668 2090 adiun-
686 2035 797 2090 ratione
824 2034 937 2107 habita,
969 2036 1072 2107 quibus
1103 2036 1227 2106 scripsit,

129 2105 183 2173 xit,
202 2104 232 2158 id
250 2104 328 2174 quod
345 2104 480 2159 historiae
500 2104 668 2160 scribendae
686 2103 805 2173 primum
823 2104 917 2159 locum
936 2105 1067 2160 obtinent
1086 2102 1228 2158 Chroni-

131 2172 280 2227 consilium
292 2172 469 2242 requirebat,
489 2172 571 2226 simul
584 2172 668 2227 adcu·
687 2177 764 2240 ca,2·²
779 2188 897 2243 quorum
911 2173 1002 2227 tribus
1016 2172 1096 2227 libris
1107 2189 1170 2226 cum
1180 2189 1227 2227 ex-

129 2240 264 2295 ratiorem
274 2240 668 2321 quandamlegumatquein-
686 2246 809 2295 terarum
826 2240 951 2310 gentium
973 2245 1032 2294 tum
1052 2240 1227 2296 Graecorum

131 2310 293 2363 stitutorum
302 2308 452 2378 maiorum,
467 2311 534 2362 item
547 2327 589 2363 rer
597 2309 668 2362 mili·
686 2314 771 2378 atque
780 2309 972 2362 Romanorum
980 2325 1026 2363 res
1041 2308 1159 2363 maxime
1168 2325 1226 2362 me·

129 2378 200 2432 iaris
222 2377 360 2432 notitiam.
395 2377 532 2434 Nimirum
554 2377 667 2432 omnino
686 2377 838 2432 motabiles
847 2377 960 2431 videtur
970 2377 1116 2447 amplexus
1127 2382 1226 2432 esse.²³
1264 2422 1268 2427 .

130 2445 282 2500 verisimile
297 2452 341 2499 est
373 2463 391 2500 a
407 2452 488 2517 patre
507 2444 596 2500 filium
612 2446 670 2501 iam
686 2445 837 2515 Nonnulli,
858 2445 960 2516 quibus
974 2445 1169 2500 accensendus
1184 2450 1229 2499 est

130 2485 668 2652 esiliaraluuiareu
686 2513 1227 2652 irremissiusaar

131 2640 785 2747 consumpsissemoptimisartiumlite·'aperte
809 2653 837 2703 et
860 2647 1018 2702 Catulinus
1044 2621 1136 2721 nugcis
1160 2666 1227 2703 suas

130 2735 222 2773 rarum
244 2734 280 2771 ue
286 2716 669 2788 studiismaximopereiniis,
677 2752 679 2765 ·
688 2734 751 2771 cum
762 2716 838 2770 illius
849 2716 941 2770 doctis
951 2718 1136 2771 etlaboriosis
1147 2717 1228 2772 char-

131 2804 204 2857 quae
216 2734 409 2841 ddhistoriam
418 2788 596 2840 tractandam
606 2804 668 2856 spe·
677 2770 723 2869 itis
734 2784 941 2854 comparaverit
955 2789 984 2839 et
992 2783 1136 2839 Ausonius
1147 2802 1181 2840 ea
1190 2787 1227 2839 ad

132 2859 255 2924 clarent,
271 2855 421 2909 excitatum
435 2864 465 2911 et
477 2856 606 2909 adiutum
615 2872 669 2908 usu
686 2853 877 2907 instituendos
891 2870 996 2922 pueros
1011 2854 1226 2908 commendave-

131 2922 389 2988 etconsuetudine,
404 2939 479 3003 qnae
491 2923 565 2977 inter
577 2924 670 2992 ipsum
687 2922 732 2975 rit.
769 2922 852 2985 Quod
870 2928 934 2974 utut
952 2927 1008 2990 est,
1027 2922 1057 2975 in
1075 2939 1109 2976 eo
1129 2938 1227 2976 omnes

130 2991 586 3060 intercedebatetAttrcum,cuius
597 2992 669 3045 adeo
688 2990 747 3044 fere
763 2991 953 3058 consentiunt,
965 2988 1103 3044 Chronica
1113 2991 1163 3044 illa
1173 2990 1225 3044 cir-

132 3059 295 3114 domesticis
304 3060 391 3114 rebus
400 3064 517 3129 propter
526 3059 670 3113 familiari·
689 3058 758 3112 citer
771 3074 796 3112 a.
806 3058 840 3111 50
855 3075 879 3113 a.
891 3057 954 3112 Chr.
965 3077 992 3112 n.
1007 3059 1140 3113 absoluta
1152 3075 1226 3139 esse,

130 3127 858 3219 tatemsaepeseinterfuisseaitllPas-,quamquam
890 3144 924 3181 ex
955 3144 1030 3207 vaga
1059 3126 1227 3197 Hieronymi

130 3202 202 3251 trem
225 3202 320 3251 antem
342 3196 513 3266 locupletem
535 3196 624 3250 fuisse
642 3201 671 3251 et
688 3195 791 3250 Uhron.
801 3195 906 3249 Euseb.
915 3200 1061 3250 notatione
1076 3195 1114 3249 ad
1123 3213 1229 3250 annum

132 3267 296 3335 opulentum
306 3265 352 3320 vel
362 3282 396 3321 ex
407 3281 442 3319 eo
451 3270 548 3332 potest
562 3263 668 3335 colligi,
688 3263 981 3335 Olymp.185,1=40
990 3281 1016 3317 a.
1030 3262 1095 3317 Chr.
1105 3281 1144 3333 n.‚
1162 3264 1228 3317 Cor-

131 3334 209 3404 quod
217 3332 276 3386 filio
284 3333 390 3389 Romae
400 3333 481 3387 licuit
490 3348 552 3387 esse
561 3339 668 3387 remoto
691 3374 854 3382 --....-.

131 3400 280 3470 apublicis
289 3401 453 3457 muneribus
458 3401 669 3456 honestissimo·
712 3421 738 3460 1a
755 3420 821 3459 runo
830 3421 900 3469 upisr.
910 3421 937 3469 V,
947 3423 967 3469 e,
978 3422 998 3460 a.

132 3486 187 3540 que
197 3469 253 3523 frui
261 3468 329 3523 otio,
712 3473 738 3511 lt
755 3472 782 3510 ds
792 3472 836 3511 div.
847 3474 915 3512 instit.
926 3472 964 3518 ΙΙΙ,
975 3473 1012 3520 15,
1022 3472 1054 3516 10,
1069 3470 1106 3510 ubl
1120 3471 1227 3520 Nepotem

687 3521 787 3563 Olceroni
797 3525 909 3573 scripsisse
919 3524 999 3563 diserte
1008 3525 1113 3561 mcmorat
1122 3532 1160 3571 ca.
1171 3534 1226 3572 quac

676 3576 855 3624 ,fragmentorum
868 3586 891 3627 p.
901 3576 925 3614 91
936 3574 969 3614 ed.
980 3578 1066 3614 nostrae
1079 3574 1143 3613 terlio
1152 3578 1228 3625 posui-

130 3636 152 3674 p.
162 3627 204 3673 11.)
214 3626 241 3666 ad
250 3631 347 3667 axucma
357 3626 470 3667 Octaviani
479 3630 577 3678 tempora
586 3628 669 3667 vixisse
676 3632 678 3677 ς
686 3637 735 3666 mus
744 3627 801 3666 loco.

131 3681 234 3717 suiuuut.
242 3677 343 3718 Ceterum
348 3679 374 3717 da
380 3679 454 3718 mortis
464 3679 602 3727 gencranihll
607 3682 679 3728 pror-³
712 3680 738 3719 10
754 3677 804 3717 Vid.
814 3688 878 3727 supra
886 3677 959 3716 adnot.
970 3678 989 3716 8.

130 3712 679 3830 irrisistitriumuiralisl
711 3731 737 3821 ii
754 3728 1051 3828 tinuisse-ium
1058 3727 1091 3820 2¹1:
1105 3780 1174 3820 sm
1183 3780 1225 3819 Ρ..

130 3834 164 3869 est
177 3837 322 3872 commentum
332 3833 349 3871 l.
358 3832 386 3871 Α.
396 3833 488 3873 Fabricii
501 3834 614 3881 (Biblioth.
628 3834 667 3872 lut.
686 3832 760 3884 lyhist.
771 3835 792 3871 1.
801 3834 824 3871 ct
832 3833 866 3871 io.

130 3884 147 3919 t.
156 3882 174 3920 Ι.
184 3894 206 3931 p.
217 3885 254 3923 101
265 3885 299 3923 ed.
313 3885 420 3931 Ernesti),
435 3887 471 3933 qui
485 3886 541 3924 mule
555 3887 679 3935 perspexit·
711 3885 736 3924 23
754 3884 788 3922 itu
797 3885 842 3921 icra
851 3883 1024 3923 Luctkenhusius
1034 3894 1056 3933 p.
1066 3883 1091 3922 19
1101 3884 1123 3923 ct
1132 3882 1224 3923 Heluius

43 3972 46 3977 ,
131 3935 201 3973 locum
211 3934 319 3975 Plutarchi
328 3936 351 3975 in
360 3936 451 3975 Lucullo
462 3947 481 3975 c.
491 3938 524 3976 43.
675 3935 770 3985 ,Prolem
780 3945 803 3983 p.
813 3935 846 3973 13.

155 3987 181 4049 iq
200 3984 234 4025 Gi.
245 3987 289 4027 Vit.
300 3988 368 4028 Attici
377 3990 397 4036 1,
409 3990 428 4028 1.
676 3990 679 4049 l
712 3987 737 4026 11
754 3986 781 4023 dc
791 3984 817 4024 O.
826 3985 853 4024 N.
863 3987 909 4025 vita
919 3989 941 4025 et
950 3987 1024 4036 script.
1034 3997 1055 4037 p.
1065 3986 1097 4025 oi.

192 4036 247 4075 ibid.
257 4041 290 4086 13,
303 4042 321 4077 7.
675 4054 679 4085 i
712 4038 736 4077 ui
753 4036 803 4077 vid.
814 4036 885 4077 adnot.
896 4038 929 4077 11.
