2564 4410
482 231 673 289 EUMENES.
1048 221 1091 286 63

66 350 232 418 succubuit
239 371 342 434 neque
356 370 393 413 eo
408 347 509 413 secius
523 346 641 412 bellum
654 345 890 411 administravit.
918 346 974 411 sed
992 347 1088 412 exiles

64 470 117 512 res
131 445 226 511 animi
239 443 487 531 magnitudinem
497 441 556 506 etsi
568 463 632 504 non
641 439 837 526 frangebant,
856 450 960 505 tamen
969 442 1089 506 minue·
1107 465 1124 511 a

64 541 152 606 bant.
179 539 262 604 hunc
284 558 477 623 persequens
494 535 689 622 Antigonus,
713 557 785 599 cum
803 535 887 599 omni
904 557 1019 621 genere
1037 558 1090 600 co-

64 636 188 720 piarum
211 632 397 708 abundaret,
425 652 519 716 saepe
541 631 575 694 in
595 629 757 694 itineribus
775 629 960 709 vexabatur,
987 652 1089 715 neque

64 751 217 813 umquam
235 727 274 790 ad
292 747 421 790 manum
435 725 583 790 accedere
600 721 715 789 licebat
727 723 788 788 nisi
806 723 855 789 bis
868 724 956 802 locis,
975 724 1089 809 quibus

65 823 159 908 pauci
176 820 280 885 multis
297 831 427 905 possent
444 820 598 884 resistere.
627 818 682 882 sed
701 826 839 883 extremo
860 827 1000 903 tempore
1018 841 1089 883 cum
1108 843 1125 890 3
1148 838 1152 849 ·

64 915 198 980 consilio
216 914 285 999 capi
301 936 365 979 non
381 921 499 999 posset,
518 912 716 976 multitudine
734 910 914 977 circumitus
932 921 989 978 est.
1016 913 1090 977 hinc

63 1021 171 1074 tamen
196 1008 303 1072 multis
331 1007 396 1071 suis
425 1007 548 1071 amissis
576 1028 610 1070 se
637 1006 795 1091 expedivit
821 1014 852 1070 et
873 1006 907 1071 in
928 1007 1089 1072 castellum

64 1102 239 1188 Phrygiae,
267 1101 352 1185 quod
368 1100 455 1166 Nora
476 1099 662 1185 appellatur,
691 1099 841 1186 confugit.
877 1101 911 1164 in
933 1124 995 1185 quo
1018 1122 1123 1171 cums

63 1195 344 1260 circumsederetur
366 1204 397 1260 et
414 1203 585 1270 vereretur,
608 1215 649 1256 ne
666 1215 730 1258 uno
753 1192 823 1258 loco
840 1216 970 1260 manens
989 1217 1087 1279 equos

62 1291 214 1354 militares
232 1290 389 1375 perderet,
413 1289 497 1373 quod
516 1288 653 1374 spatium
670 1311 734 1352 non
751 1299 836 1353 esset
852 1289 1005 1375 agitandi,
1026 1289 1089 1353 cal-

62 1386 164 1449 lidum
182 1385 242 1449 fuit
260 1385 326 1449 eius
340 1385 511 1461 inventum,
531 1383 795 1467 quemadmodum
810 1392 896 1448 stans
913 1383 1087 1448 iumentum

66 1478 261 1542 concalefieri
279 1478 478 1560 exercerique
495 1486 616 1562 posset,
635 1498 697 1561 quo
715 1477 862 1542 libentius
881 1486 912 1542 et
934 1477 1004 1543 cibo
1021 1487 1089 1542 ute-

62 1584 151 1636 retur
168 1582 199 1635 et
217 1595 236 1635 a
254 1572 392 1654 corporis
414 1578 502 1634 motu
520 1593 582 1634 non
602 1580 822 1635 removeretur.
856 1571 1089 1659 substringebat
1108 1594 1126 1639 o

64 1676 161 1750 caput
177 1665 244 1729 loro
262 1664 366 1740 altius,
384 1685 478 1746 quam
492 1672 528 1727 ut
544 1662 700 1748 prioribus
717 1663 851 1747 pedibus
868 1665 961 1749 plane
975 1675 1089 1753 terram

62 1766 176 1844 posset
193 1757 360 1843 attingere3
380 1757 492 1820 deinde
510 1765 582 1842 post
594 1755 776 1821 verberibus
786 1756 919 1842 cogebat
932 1758 1089 1823 exsultare

65 1861 99 1916 et
117 1850 218 1915 calces
236 1849 402 1915 remittere.
434 1851 488 1934 qui
506 1859 608 1916 motus
626 1873 690 1915 non
707 1850 811 1915 minus
830 1851 977 1915 sudorem
995 1873 1089 1916 excu-

63 1944 172 2022 tiebat,
191 1945 328 2027 quamsi
345 1945 378 2008 in
392 1945 492 2029 spatio
506 1946 691 2009 decurreret.
719 1967 781 2029 quo
794 1945 914 2010 factum
928 1955 984 2023 est,
1005 1946 1089 2029 quod
1108 1967 1125 2013 6

64 2038 211 2104 omnibus
233 2038 375 2103 mirabile
398 2050 447 2103 est
464 2039 582 2116 visum,
605 2048 640 2103 ut
657 2042 756 2122 aequ'e
777 2039 916 2104 iumenta
933 2039 1032 2104 nitida
1049 2061 1088 2103 ex

64 2132 195 2198 castello
223 2133 382 2211 educeret,
415 2156 487 2198 cum
513 2133 688 2218 complures
715 2155 839 2198 menses
866 2133 900 2197 in
926 2133 1088 2216 obsidione

63 2227 191 2306 fuisset,
215 2250 252 2293 ac
270 2228 297 2293 si
318 2228 351 2292 in
370 2228 595 2314 campestribus
619 2251 657 2292 ea
672 2227 749 2293 locis
771 2227 943 2293 habuisset.
973 2229 1007 2293 in
1028 2228 1088 2293 hac
1108 2250 1136 2295 ῖ1

64 2321 274 2400 conclusione,
293 2323 550 2406 quotiescumque
568 2322 675 2400 voluit,
694 2331 878 2407 apparatum
895 2331 927 2386 et
943 2322 1090 2386 munitio-

63 2439 122 2482 nes
133 2416 286 2504 Antigoni
304 2419 380 2483 alias
399 2418 545 2494 incendit,
565 2417 641 2480 alias
656 2417 785 2481 disiecit.
814 2417 913 2480 tenuit
930 2425 1035 2481 autem
1054 2438 1087 2481 se

63 2533 128 2575 uno
154 2511 238 2588 loco,
262 2511 412 2595 quamdiu
433 2511 533 2575 biems
552 2510 626 2588 fuit,
650 2511 736 2594 quod
758 2519 859 2574 castra
877 2508 936 2576 sub
962 2510 1014 2575 dio
1031 2509 1088 2575 ha·
1132 2527 1134 2530 ·

63 2604 140 2669 bere
153 2627 216 2669 non
229 2613 360 2689 poterat.
387 2628 442 2670 ver
455 2604 739 2690 appropinquabat:
759 2604 904 2669 simulata
921 2603 1087 2682 deditione,

65 2699 144 2762 dum
161 2699 200 2762 de
214 2698 443 2764 conditionibus
458 2708 578 2776 tractet,
596 2698 762 2785 praefectis
771 2695 924 2785 Antigoni
938 2699 1088 2784 imposuit

65 2790 167 2874 seque'
183 2814 220 2856 ac
238 2815 312 2857 suos
331 2816 438 2858 omnes
457 2795 591 2858 extraxit
607 2792 788 2858 incolumes.

118 2883 175 2950 VI.
203 2886 258 2950 Ad
275 2886 358 2951 hunc
378 2885 554 2972 Olympias,
574 2898 672 2951 mater
690 2909 769 2972 quae
788 2886 890 2951 fuerat
902 2885 1085 2966 Alexandri,
1107 2905 1119 2950 r

64 3000 139 3043 cum
152 2979 269 3044 litteras
284 2991 315 3044 et
327 2982 452 3046 nuntios
466 2981 605 3046 misisset
618 2981 651 3044 in
660 2980 773 3046 Asiam
783 2981 968 3059 consultum,
982 2992 1088 3047 utrum

62 3072 232 3157 repetitum
244 3072 465 3140 Macedoniam
483 3076 602 3139 veniret
620 3073 707 3158 (nam
724 3083 791 3139 tum
809 3076 842 3139 in
850 3074 949 3162 Epiro
967 3075 1088 3140 habita-
1205 3134 1208 3139 ,

62 3165 133 3249 bat)
152 3175 183 3230 et
201 3189 254 3232 eas
271 3189 323 3232 res
341 3177 519 3253 oocuparet,
542 3169 615 3233 huic
633 3169 685 3233 ille
701 3169 837 3253 primum
856 3169 967 3246 suasit,
989 3191 1029 3233 ne
1053 3191 1086 3233 se
1106 3185 1123 3230 a

63 3270 204 3324 moveret
230 3271 262 3326 et
287 3273 495 3347 exspectaret,
524 3263 628 3347 quoad
644 3263 818 3329 Alexandri
844 3263 927 3328 filius
954 3284 1087 3348 regnum

63 3352 302 3437 adipisceretur3
325 3356 374 3420 sin
395 3356 499 3441 aliqua
522 3356 689 3442 cupiditate
711 3364 871 3441 raperetur
886 3356 920 3420 in
936 3353 1087 3421 Macedo·
1168 3419 1173 3427 ,

63 3446 163 3525 niam,
192 3448 426 3514 oblivisceretur
451 3451 590 3515 omnium
615 3451 797 3515 iniuriarum
819 3459 851 3514 et
875 3449 909 3514 in
930 3450 1086 3514 neminem

63 3541 224 3607 acerbiore
240 3552 379 3608 uteretur
395 3544 534 3629 imperio.
562 3545 674 3610 horum
691 3545 745 3608 illa
762 3542 839 3607 nihil
857 3542 940 3608 fecit.
963 3567 1037 3608 nam
1055 3553 1086 3609 et
1099 3560 1121 3606 ,3
1166 3567 1174 3577 ’

62 3636 98 3700 in
115 3634 337 3704 Macedoniam
349 3639 494 3725 prosecta
512 3649 560 3704 est
578 3650 609 3704 et
629 3639 674 3704 ibi
692 3639 906 3704 crudelissime
924 3663 959 3705 se
976 3639 1084 3725 gessit.

62 3729 142 3816 petit
167 3741 273 3796 autem
300 3732 339 3798 ab
363 3734 508 3798 Eumene
534 3734 679 3812 absente,
707 3755 747 3798 nc
768 3743 926 3818 pateretur
946 3730 1086 3816 Philippi

58 3825 176 3889 domus
200 3847 236 3890 ac
258 3826 395 3892 familiae
421 3828 652 3892 inimicissimos
680 3828 808 3913 stirpem
829 3848 954 3912 quoque
980 3825 1086 3889 interi·

63 3914 148 3984 mere
172 3919 329 4004 ferretque
346 3945 438 4007 opem
459 3922 565 3987 liberis
582 3921 765 3987 Alexandri.
797 3945 890 4007 quam
912 3920 1035 3984 veniam
1058 3919 1120 3984 sie

62 4013 161 4095 daret,
181 4037 276 4098 quam
292 4016 428 4100 primum
443 4016 597 4084 exercitus
614 4027 747 4102 pararet,
767 4038 846 4100 quos
865 4013 925 4078 sibi
944 4013 1084 4079 subsidio
