2564 4410
133 241 176 307 80
464 249 648 309 CORNELII
660 249 824 308 NEPOTIS

132 368 214 456 pylis
229 366 269 432 de
283 389 407 433 summa
419 364 542 451 imperii
555 365 744 431 dimicasset.
770 389 867 451 quem
879 367 938 434 etsi
951 367 1052 433 multa
1064 368 1162 435 stulte

99 485 116 530 4
134 462 241 530 conari
253 460 389 539 videbat,
409 468 515 526 tamen
526 460 613 525 nulla
626 460 763 527 deseruit
778 461 813 526 in
825 483 868 525 re.
894 461 1031 547 praefuit
1048 458 1162 549 paucis

133 554 277 633 navibus,
295 576 374 639 quas
393 576 433 619 ex
451 551 546 639 Syria
562 553 667 619 iussus
686 563 752 619 erat
768 554 802 619 in
818 553 933 620 Asiam
951 554 1076 633 ducere,
1094 555 1163 621 bis-

134 672 195 735 que
213 648 364 714 adversus
378 647 574 713 Rhodiorum
592 640 726 713 classem
743 647 973 734 inPamphylio
991 649 1072 714 mari
1085 671 1163 715 con-

134 743 222 808 flixit.
248 764 312 827 qno
330 763 403 807 cum
420 741 618 806 multitudine
640 741 890 808 adversariorum
907 742 958 807 sui
974 764 1163 828 superaren-

134 850 192 917 tur,
211 839 289 924 ipse,
308 860 372 922 quo
390 858 487 903 cornu
503 859 570 903 rem
587 837 695 922 gessit,
715 836 776 901 fuit
793 837 943 923 superior.

101 956 114 1002 1
184 932 249 998 IX.
275 931 441 999 Antiocho,
456 931 567 1018 fugato
585 953 710 1008 verens,
733 953 773 996 ne
791 928 968 1008 dederetur,
987 931 1075 1015 quod
1092 931 1162 997 sine

134 1027 231 1093 dubio
257 1025 437 1103 accidisset,
466 1023 493 1090 si
515 1023 565 1089 sui
590 1024 719 1089 fecisset
742 1033 944 1110 potestatem,
963 1023 1094 1090 Cretam
1121 1025 1162 1090 ad

21 1156 24 1161 ·
135 1120 306 1207 Gortynios
333 1119 434 1198 venit,
459 1129 494 1183 ut
515 1117 572 1197 ibi,
600 1141 663 1203 quo
685 1140 726 1185 se.
742 1118 910 1196 conferret,
938 1118 1161 1185 consideraret.

100 1236 115 1283 2
135 1216 213 1281 vidit
232 1223 338 1279 autem
355 1213 404 1278 vir
421 1213 562 1279 omnium
580 1212 810 1290 callidissimus,
833 1235 949 1299 magno
967 1234 1002 1278 se
1020 1210 1089 1278 fore
1105 1234 1164 1299 pe-

133 1310 241 1389 riculo,
259 1309 411 1393 nisi-quid
422 1307 620 1395 providisset,
637 1317 764 1393 propter
777 1307 939 1373 avaritiam
950 1305 1161 1373 Cretensium.

134 1427 283 1492 magnam
305 1403 389 1469 enim
412 1423 519 1489 secum
536 1402 702 1487 pecuniam
719 1401 878 1487 portabat,
902 1403 941 1467 de
957 1424 1023 1486 qua
1040 1401 1163 1469 sciebat

100 1518 116 1564 3
135 1500 239 1564 exisse
253 1498 382 1563 famam.
407 1496 514 1580 itaque
524 1496 607 1583 oapit
620 1497 682 1562 tale
696 1497 870 1563 consilium.
897 1497 1066 1583 amphoras
1074 1519 1163 1564 eom-

134 1593 240 1679 plures
259 1590 394 1680 complet
414 1589 544 1677 plumbo
550 1615 559 1670 3
588 1614 728 1657 summas
750 1592 850 1676 operit
872 1613 948 1657 auro
969 1601 1002 1657 et
1018 1602 1162 1679 argento.

134 1689 192 1753 has
205 1684 422 1773 praesentibus
435 1685 629 1772 principibus
643 1686 771 1772 deponit
787 1686 822 1751 in
838 1686 955 1772 templo
963 1685 1099 1764 Dianae,
1120 1686 1163 1752 si-

133 1783 257 1849 mulans
276 1804 310 1849 se
327 1804 401 1846 suas
420 1780 562 1847 fortunas
575 1780 701 1847 illorum
713 1781 788 1845 fidei
801 1781 936 1846 credere.
965 1780 1015 1846 his
1028 1780 1064 1845 in
1076 1802 1162 1847 erro-

133 1899 201 1942 rem
217 1874 353 1943 inductis
372 1884 490 1941 statuas
509 1896 632 1953 aeneas,
651 1897 730 1960 quas
749 1895 857 1940 secum
873 1872 1031 1960 portabat,
1050 1894 1178 1941 omnes.

136 1995 194 2036 sua
218 1970 352 2057 pecunia
378 1969 514 2056 complet
539 1966 655 2054 easque
682 1970 716 2033 in
740 1969 905 2055 propatulo
932 1967 1018 2034 domi
1043 1967 1163 2034 abiicit.

100 2085 117 2130 4
137 2064 283 2150 Gortynii
304 2064 456 2150 templum
477 2087 594 2150 magna
615 2086 691 2129 cura
708 2063 888 2129 custodiunt
908 2085 972 2128 non
990 2072 1056 2128 tarn
1073 2086 1094 2129 a
1110 2085 1166 2128 ce-

135 2160 210 2224 teris
228 2180 324 2243 quam
346 2157 386 2222 ab
404 2156 599 2236 Hannibale,
621 2180 662 2223 ne
679 2157 731 2222 ille
749 2156 952 2223 inscientibus
971 2156 1020 2222 his
1030 2152 1165 2223 'tolleret

135 2273 305 2337 secumque
322 2252 458 2316 duceret.

103 2367 116 2411 1
186 2347 233 2412 X.
262 2345 318 2412 Sic
340 2345 532 2422 conservatis
555 2345 621 2412 suis
642 2344 737 2412 rebus
760 2345 886 2412 Poenus
908 2345 1009 2411 illusis
1029 2342 1164 2413 Creten-

70 2510 73 2517 ,
136 2441 224 2507 sibus
250 2440 396 2507 omnibus
424 2440 466 2505 ad
490 2439 639 2506 Prusiam
663 2441 697 2506 in
723 2439 862 2505 Pontum
886 2440 1042 2526 pervenit,
1075 2441 1166 2526 apud

135 2557 231 2619 quem
252 2536 364 2600 eodem
385 2535 489 2600 animo
511 2534 573 2599 fuit
593 2557 670 2621 erga
686 2534 824 2612 Italiam,
846 2556 948 2619 neque
967 2533 1053 2599 aliud
1070 2535 1166 2619 quid-

135 2650 231 2714 quam
248 2629 314 2716 egit
330 2650 426 2712 quam
443 2650 551 2716 regem
568 2629 700 2693 armavit
717 2637 749 2693 et
770 2628 909 2694 exercuit
926 2628 1079 2694 adversus
1095 2627 1166 2693 Ro-

102 2740 258 2788 amanus.
289 2743 384 2806 quem
406 2744 480 2787 cum
501 2722 621 2787 videret
642 2719 822 2787 domesticis
843 2721 938 2788 rebus
961 2722 1065 2787 minus
1089 2743 1165 2787 esse

135 2816 309 2895 robustum,
329 2814 515 2882 conciliabat
532 2825 651 2882 ceteros
664 2838 766 2902 reges,
785 2814 977 2903 adiungebat
993 2814 1164 2882 bellicosas

136 2909 288 2976 nationes.
329 2909 502 2976 dissidebat
531 2910 571 2977 ab
598 2932 636 2976 eo
662 2909 879 2998 Pergamenus
905 2933 963 2975 rex
987 2909 1163 2988 Eumenes,

135 3002 288 3068 Romanis
311 3003 535 3082 amicissimus,
562 3003 741 3090 bellumque
763 3006 844 3069 inter
865 3026 927 3070 sos·
941 3002 1110 3091 gerebatur
1130 3014 1165 3069 et

136 3098 216 3163 mari
234 3106 265 3163 et
281 3108 377 3178 terra3
395 3119 458 3182 quo
475 3098 578 3185 magis
596 3098 742 3185 cupiebat
759 3121 832 3164 eum
840 3097 1003 3164 Hannibal
1016 3098 1163 3185 opprimi.

102 3209 118 3255 e
138 3193 195 3258 sed
210 3191 376 3277 utrobique
393 3191 555 3258 Eumenes
571 3192 643 3279 plus
662 3192 786 3258 valebat
802 3202 931 3279 propter
946 3192 1165 3258 Romanorum

138 3288 332 3366 societatem3
354 3309 450 3371 quem
471 3287 499 3351 si
516 3286 711 3364 removisset,
735 3287 876 3353 faciliora
893 3285 954 3354 sibi
971 3294 1076 3361 cetere
1093 3284 1164 3351 fore

137 3379 352 3447 arbitrabatur.
381 3380 523 3447 adhunc
540 3380 787 3445 interficiendum
804 3380 899 3446 talem
916 3380 985 3444 iniit
996 3380 1163 3446 rationem.

102 3491 119 3537 4
138 3473 239 3539 classe
256 3475 365 3560 paucis
384 3473 496 3542 diebus
514 3485 603 3540 erant
616 3474 779 3540 decreturi.
808 3474 1015 3561 superabatur
1031 3474 1164 3539 navium

136 3567 349 3648 multitudine3
375 3568 537 3636 doluerat
561 3569 783 3656 pugnandum,
812 3592 884 3635 cum
909 3592 967 3655 par
987 3590 1053 3635 non
1077 3580 1165 3635 esset

137 3663 242 3728 armis.
272 3662 437 3748 imperavit
453 3686 550 3749 quam
570 3663 720 3750 plurimas
743 3674 913 3730 venenatas
937 3673 1099 3750 serpentes
1116 3664 1166 3729 vi-

103 3775 119 3822 a
137 3780 194 3823 vas
212 3756 318 3842 colligi
330 3777 447 3840 easque
464 3759 498 3823 in
510 3780 587 3823 vasa
598 3756 705 3822 fictilia
718 3758 839 3824 coniici.
866 3756 978 3823 harum
995 3779 1069 3832 cum
1087 3756 1166 3823 effe·

38 3852 42 3859 ’
137 3851 234 3917 cisset
254 3872 402 3938 magnam
423 3851 663 3931 multitudinem,
686 3852 737 3919 die
754 3854 833 3939 ipso,
856 3872 919 3935 quo
936 3850 1079 3918 factums
1097 3862 1167 3918 erat

136 3946 249 4012 navale
261 3947 424 4034 proelium,
435 3946 611 4014 classiarios
625 3959 777 4015 convocat
794 3948 907 4033 hisque
918 3949 1082 4036 praecipit,
1096 3972 1165 4016 om·

107 4056 111 4063 ·
136 4059 194 4105 nes
206 4049 242 4105 ut
254 4040 288 4106 in
300 4064 396 4109 unam
403 4040 557 4115 Eumenis
574 4043 659 4130 regis
678 4054 863 4110 concurrant
879 4064 1037 4123 navemn
1049 4042 1164 4110 ceteris
