2564 4410
511 244 723 305 HANNIBAL.
1093 238 1135 303 79

105 365 320 454 thaginienses
334 363 471 430 Romam
488 371 650 441 venerunt,
668 361 723 447 qui
737 362 858 431 senatui
874 365 1055 450 populoque
1067 365 1136 432 Ro-

105 483 201 528 mano
218 457 336 547 gratias
355 465 498 544 agerent,
522 456 608 541 quod
626 478 700 523 oum
716 456 766 521 his
783 479 894 543 paoem
912 457 1072 537 fecissent,
1091 460 1132 527 ob

106 580 239 643 eamque
256 579 325 623 rem
336 577 454 622 corona
466 576 562 620 aurea
573 576 629 620 eos
642 553 794 619 donarent
806 553 962 639 simulque
980 564 1131 640 peterent,

106 665 143 719 ut
159 653 287 720 obsides
305 673 414 717 eonmr
425 648 581 735 Fregellis
599 657 706 729 essent
724 647 901 734 captivique
918 648 1131 715 redderentur.

105 747 156 812 his
183 769 224 812 ex
249 754 377 813 senatus
404 743 548 810 consulto
572 764 761 829 responsum
786 751 848 809 est:
880 765 996 809 munus
1024 763 1168 811 eoruma

106 851 232 928 gratum
244 848 470 925 acceptumque
484 859 569 915 esse3
588 835 725 929 obsides,
744 858 807 921 quo
819 836 890 902 loco
907 847 1063 923 rogarent,
1082 838 1133 903 su-

106 953 210 1012 turos3
233 934 373 1020 captivos
396 955 461 998 non
477 932 679 1008 remissurus,
698 931 784 1015 quod
800 930 1023 1009 Hannibalem,
1042 931 1132 997 ouius

108 1051 204 1115 opera
221 1037 404 1114 susceptum
420 1026 538 1093 bellum
555 1025 649 1103 foret,
667 1024 919 1091 inimicissimum
935 1026 1055 1091 nomini
1067 1025 1133 1092 Ro·

106 1145 214 1200 mano,
241 1122 419 1188 etiamnunc
436 1143 509 1186 cum
526 1120 657 1206 imperio
679 1120 763 1205 apud
785 1120 955 1185 exercitum
971 1118 1131 1197 haberent,

106 1218 245 1300 itemque
263 1216 391 1282 fratrem
413 1214 481 1280 eius
498 1213 682 1300 Magonem.
713 1213 774 1279 hoo
795 1235 948 1299 responso
967 1211 1169 1301 Carthagi-4

106 1311 233 1375 nienses
252 1310 377 1397 cognito
395 1307 609 1377 Hannibalem
626 1307 754 1372 domum
773 1316 803 1373 et
815 1305 989 1394 Magonem
1005 1329 1133 1381 revoca

105 1413 189 1470 runt.
216 1403 279 1471 huc
295 1413 331 1469 ut
345 1404 448 1481 rediit,
466 1411 591 1488 praetor
607 1401 711 1468 factus
729 1410 788 1479 est,
805 1410 974 1488 postquam
990 1424 1047 1467 rex
1064 1401 1133 1467 sue-

103 1509 163 1583 rat,
183 1521 264 1563 anno
283 1497 421 1563 secundo
440 1506 472 1561 et
487 1496 647 1561 vicesimo.
674 1505 710 1560 ut
732 1495 816 1561 enim
832 1495 954 1562 Romae
976 1496 1131 1574 eonsules,

107 1592 154 1657 sic
173 1589 366 1676 Carthagine
383 1589 550 1673 quotannis
568 1589 664 1655 annui
685 1587 751 1653 bini
768 1611 860 1675 reges
879 1588 1072 1656 creabantur.
1099 1591 1132 1655 in
1151 1612 1168 1660 5

105 1707 146 1750 eo
164 1684 351 1771 magistratu
370 1682 440 1769 pari
456 1681 618 1768 diligentia
636 1704 671 1748 se
687 1681 850 1748 Hannibal
867 1682 1011 1769 praebuit
1027 1706 1065 1750 ac
1082 1684 1133 1749 fu-

105 1778 225 1844 eratin
246 1776 338 1843 bello.
369 1799 505 1862 namque
527 1776 645 1855 effecit,
668 1799 708 1842 ex
730 1776 822 1842 novis
840 1776 1046 1863 vectigalibus
1068 1800 1133 1843 non

107 1873 212 1938 solum
229 1881 265 1937 ut
282 1881 366 1937 esset
381 1871 525 1958 pecunia,
544 1892 625 1955 quae
642 1870 795 1936 Romanis
814 1892 854 1935 ex
871 1869 999 1936 foedere
1015 1872 1133 1957 pende-

106 1978 207 2044 retur,
231 1966 288 2030 sed
310 1965 404 2031 etiam
426 1973 619 2051 superesset,
638 1965 769 2049 quaein
786 1963 905 2030 aerario
922 1973 1131 2052 reponeretur.

107 2060 221 2125 deinde
238 2080 321 2125 anno
337 2069 411 2145 post
426 2069 613 2146 praeturam,
631 2058 744 2125 Marco
759 2056 903 2138 Claudio,
921 2058 1026 2125 Lucio
1034 2058 1130 2125 Furio
1150 2083 1168 2131 a

107 2153 300 2232 oonsulibus,
317 2153 421 2219 Roma
437 2154 533 2240 legati
544 2152 769 2241 Carthaginem
785 2163 947 2220 venerunt.
973 2153 1132 2220 hosHan-

107 2246 195 2313 nibal
210 2257 297 2313 ratus
321 2248 370 2312 sui
392 2248 583 2333 exposcendi
603 2248 705 2335 gratia
724 2247 854 2327 missos,
876 2248 1061 2335 priusquam
1082 2248 1131 2313 his

108 2351 236 2407 senatus
255 2341 388 2419 duretur,
406 2363 523 2406 navem
539 2341 680 2409 ascendit
697 2341 778 2407 olam
796 2352 891 2425 atque
908 2342 941 2406 in
952 2339 1078 2426 Syriam
1091 2344 1133 2407 ad

107 2434 303 2501 Antiochum
315 2434 464 2522 profugit.
492 2434 551 2499 hac
564 2456 598 2501 re
609 2435 715 2521 palam
728 2435 812 2500 facta
820 2434 921 2501 Poeni
934 2457 1031 2501 naves
1041 2436 1130 2513 duas,
1151 2459 1167 2505 r

108 2551 190 2614 quae
203 2551 276 2594 eum
289 2529 594 2615 comprehenderent,
609 2529 637 2594 si
649 2538 779 2617 possent
792 2529 952 2614 consequi,
970 2529 1131 2607 miserunt,

108 2623 193 2689 bona
209 2623 277 2688 eius
294 2622 501 2708 publicanmt,
520 2623 650 2689 domum
667 2646 686 2688 a
703 2622 915 2690 fundamentis
934 2623 1131 2702 disiecerunt,

107 2719 214 2804 ipsum
232 2718 356 2783 exulem
373 2718 560 2783 iudicarunt.

161 2811 254 2877 VIII.
280 2810 328 2876 At
344 2811 506 2877 Hannibal
528 2834 609 2878 anno
631 2810 732 2890 tertio,
754 2821 922 2898 postquam
944 2813 1038 2878 domo
1059 2834 1165 2898 pro-r

107 2905 242 2992 fugerat,
252 2907 294 2971 L.
306 2903 463 2984 Cornelio,
475 2904 593 2988 Quinto
601 2904 744 2971 Minucio
754 2905 945 2985 consulibus,
961 2928 1033 2971 cum
1041 2905 1133 2991 quin·
1245 2984 1250 2997 ι

108 3021 172 3084 que
188 2999 322 3066 navibus
339 2998 484 3068 Africam
501 2999 635 3065 accessit
655 2999 689 3064 in
705 2999 822 3067 finibus
840 2999 1086 3087 Cyrenaeorum,
1106 3001 1134 3066 si

107 3093 190 3160 sorte
209 3091 485 3180 Carthaginienses
507 3093 549 3159 ud
570 3092 688 3161 bellum
704 3093 856 3161 Antiochi
878 3117 935 3181 spe
955 3095 1133 3177 fiduciaque

107 3197 238 3274 possent
254 3187 372 3266 induci,
390 3187 442 3255 cui
457 3188 522 3253 iam
538 3198 746 3274 persuaserat,
765 3198 800 3253 ut
812 3210 885 3255 oum
899 3186 1086 3253 exercitibus
1100 3187 1134 3251 in

107 3280 235 3346 Italiam
263 3281 521 3367 proficisceretur.
560 3281 624 3347 huc
649 3280 824 3368 Magonem
853 3281 983 3347 fratrem
1008 3280 1133 3347 excivit.

107 3375 142 3440 id
164 3373 220 3440 ubi
235 3373 337 3440 Poeni
358 3375 565 3454 resciverunt,
582 3375 759 3462 Magonem
775 3375 894 3452 eadem,
913 3397 977 3459 qua
994 3373 1132 3453 fratrem,
1151 3399 1169 3445 a

108 3469 272 3535 absentem
288 3491 391 3556 poena
407 3469 589 3536 affecerunt.
615 3470 661 3535 illi
678 3469 851 3556 desperatis
868 3467 963 3535 rebus
981 3480 1054 3535 cum
1071 3469 1135 3535 sol·

108 3563 229 3628 vissent
246 3585 343 3630 naves
366 3585 403 3629 ac
421 3562 492 3631 vela
512 3563 614 3630 ventis
632 3563 808 3642 dedissent,
826 3562 990 3629 Hannibal
1006 3563 1048 3628 ad
1064 3564 1135 3627 An-

108 3655 248 3722 tiochum
269 3657 420 3744 pervenit.
452 3657 491 3722 de
512 3655 663 3745 Magonis
689 3657 816 3723 interitu
841 3656 959 3743 duplex
983 3655 1134 3721 memoria

107 3752 232 3838 prodita
249 3761 311 3818 est:
333 3774 468 3838 namque
487 3751 540 3817 alii
552 3752 727 3841 naufragio,
746 3751 799 3818 alii
816 3775 836 3819 a
852 3753 952 3818 servis
970 3750 1069 3837 ipsius
1086 3747 1135 3812 in-

108 3847 274 3915 terfectum
296 3869 382 3926 eum,
405 3848 558 3934 scriptum
577 3848 778 3933 reliquerunt.
812 3846 991 3922 Antiochus
1017 3853 1169 3920 autema

109 3942 137 4007 si
149 3952 216 4009 tam
228 3943 261 4007 in
275 3943 400 4028 agendo
412 3942 495 4008 bello
505 3942 642 4008 consiliis
657 3943 726 4009 eius
738 3962 848 4028 parere
861 3938 1023 4016 voluisset,
1038 3959 1134 4023 quam

108 4037 142 4102 in
160 4036 360 4124 suscipiendo
381 4037 572 4117 instituerat,
593 4037 724 4124 propius
742 4035 849 4109 Tiberi
867 4056 963 4121 quam
980 4032 1136 4100 Thermo·
