2564 4410
499 265 741 324 ALCIBIADES.
1086 253 1130 319 25

106 385 219 463 noluit,
242 382 328 470 quod
346 381 513 459 sentiebat,
537 405 571 447 se
589 380 756 446 Alcibiade
777 390 903 466 recepto
925 381 1042 447 nullius
1063 405 1132 448 mo-

107 481 204 546 menti
225 479 310 566 apud
332 477 503 543 exercitum
524 476 678 552 futurum,
702 488 746 552 et,
770 475 891 560 siquid
913 478 1042 542 secundi
1059 499 1132 542 eve-

106 575 219 652 nisset,
241 573 361 638 nullam
382 572 415 635 in
433 593 470 635 ea
490 592 525 635 re
548 592 637 636 suam
659 584 779 654 partem
800 568 881 648 fore,
904 580 1012 636 contra
1029 592 1081 648 ea,
1103 571 1132 635 si

106 669 184 752 quid
196 666 321 733 adversi
334 664 508 740 accidisset,
523 686 558 728 se
570 687 666 729 unum
680 665 748 728 eius
763 662 867 729 delicti
879 663 1020 730 futurum
1032 687 1130 730 reum.

107 762 148 829 ab
166 762 228 827 hoe
246 760 409 826 discedens
424 757 607 825 Alcibiades
627 757 826 840 „Quoniam“
845 756 946 842 inquit
964 759 1131 841 „victoriae
1150 777 1166 822 5
1231 836 1234 841 Α

107 857 228 943 patriae
249 876 421 941 repugnas,
448 853 525 917 illud
548 874 674 930 moneo,
701 853 788 917 iuxta
809 852 932 918 hostem
954 861 1056 918 castra
1075 853 1133 918 ha-

106 950 184 1017 beas
201 949 339 1014 nauticae
356 946 530 1033 periculum
548 959 595 1012 est
614 947 710 1024 enim,
728 968 769 1011 ne
785 946 983 1012 immodestia
1000 947 1133 1011 militum

107 1053 283 1111 vestrorum
296 1041 421 1108 occasio
434 1041 525 1106 detur
536 1041 706 1126 Lysandro
723 1041 820 1106 vestri
832 1041 1028 1128 opprimendi
1046 1063 1133 1108 exer-

109 1161 139 1203 cr
140 1147 202 1203 us
206 1141 224 1172 ‘⁶
259 1157 363 1219 neque
384 1157 423 1200 ea
438 1156 489 1199 res
507 1134 595 1198 illum
612 1133 732 1199 fefellit
762 1157 837 1199 nam
853 1135 1033 1220 Lysander,
1061 1154 1167 1201 cumo

107 1253 165 1318 per
178 1229 389 1317 speculatores
403 1228 615 1339 cqmperisset,
629 1227 760 1313 vulgum
772 1226 1036 1293 Atheniensium
1026 1253 1060 1293 m
1073 1239 1134 1294 ter-

108 1349 176 1391 ram
188 1324 318 1410 praedat
318 1345 373 1388 um
385 1317 489 1388 exisse
503 1344 662 1406 navesque
674 1344 774 1406 paene
786 1321 895 1387 inanes
909 1322 1042 1401 relictas,
1056 1330 1134 1387 tem-

108 1443 169 1505 pus
186 1420 232 1485 rei
253 1419 409 1506 gerendae
427 1441 489 1483 non
508 1418 625 1483 dimisit
642 1437 742 1501 eoque
763 1417 860 1503 impet
860 1440 882 1481 u
847 1416 1017 1482 tbellum
1033 1425 1134 1482 totum

110 1513 234 1579 delevit.

160 1608 225 1672 IX.
251 1605 299 1671 At
310 1604 504 1682 Alcibiades,
522 1605 613 1670 victis
626 1603 874 1671 Atheniensibus
891 1629 956 1671 non
974 1604 1049 1671 satis
1067 1614 1134 1671 tuta
1153 1622 1166 1669 1

109 1702 221 1766 eadem
242 1700 312 1764 loca
329 1693 391 1763 sibi
411 1698 578 1776 arbitrans,
601 1698 724 1791 penitus
742 1699 776 1762 in
793 1698 961 1764 Thraciam
983 1722 1017 1765 se
1040 1708 1134 1786 supra

108 1793 336 1879 Propontidem
353 1791 481 1869 abdidit,
501 1796 630 1877 sperans
643 1778 692 1856 ibi
709 1791 856 1856 facillime
870 1810 964 1856 suam
977 1793 1133 1858 fortunam

111 1887 211 1954 oceuh
219 1908 323 1972 posse
332 1885 424 1952 falso.
439 1909 513 1950 nam
522 1886 660 1951 Thraces
662 1894 848 1972 postquam
857 1908 930 1951 eum
938 1907 1011 1950 oum
1019 1909 1167 1972 magna
1152 1904 1169 1935 ‘²
1265 1946 1268 1951 .

109 1981 243 2067 pecunia
260 1981 384 2045 venisse
402 1989 576 2057 senserunt,
594 1979 724 2044 insidias
742 1978 884 2044 fecerunt
872 1988 898 2058 t;
916 1980 971 2064 qui
988 2002 1035 2057 ea,
1054 2001 1134 2063 quae

110 2083 302 2162 apportarat,
321 2073 529 2150 abstulerunt,
548 2074 653 2158 ipsum
671 2095 782 2160 capere
799 2096 862 2138 non
879 2083 1055 2159 potuerunt.
1081 2074 1134 2138 ille
1153 2092 1169 2137 3

107 2190 256 2245 cernens,
278 2167 399 2233 nullum
416 2168 521 2232 lacum
538 2166 598 2233 sibi
616 2176 719 2232 tutum
735 2169 768 2233 in
787 2166 920 2234 Graecia
936 2177 1062 2254 propter
1078 2190 1135 2253 po·

111 2261 868 2340 tentiamLaeedaemoniorum,adPharnabazum
876 2260 1026 2326 inAsiam
1035 2270 1135 2326 trans-

110 2355 161 2434 iit;
180 2375 273 2439 quem
286 2354 413 2438 quidem
431 2354 510 2419 adeo
525 2377 582 2420 sua
596 2355 677 2441 cepit
689 2355 891 2433 humanitate,
909 2365 944 2419 ut
957 2378 1030 2419 eum
1041 2377 1134 2418 nemo

110 2449 143 2512 in
165 2448 302 2513 amicitia
323 2448 529 2512 antecederet.
564 2469 700 2531 namque
722 2449 751 2512 ei
775 2445 930 2534 Grynium
952 2448 1080 2512 dederat
1100 2448 1135 2511 in

110 2541 252 2627 Phrygia
274 2549 424 2619 castrum,
448 2563 488 2606 ex
509 2562 571 2624 quo
593 2541 814 2628 quinquagena
835 2542 951 2606 talenta
972 2541 1133 2628 vectigalis
1162 2610 1169 2628 x

111 2636 264 2721 capiebat.
291 2657 354 2718 qua
365 2634 491 2700 fortuna
503 2634 686 2700 Alcibiades
700 2658 764 2700 non
777 2646 842 2701 erat
855 2645 1018 2703 contentus
1032 2658 1134 2719 neque
1151 2653 1169 2700 4

111 2728 255 2793 Athenas
272 2728 372 2794 victas
384 2727 647 2794 Lacedaemoniis
662 2730 778 2795 servire
794 2739 915 2816 poterat
931 2730 1006 2816 pati.
1028 2730 1134 2812 itaque

110 2824 152 2888 ad
164 2823 295 2908 patriam
309 2822 502 2888 liberandam
520 2823 605 2887 omni
621 2823 780 2889 ferebatur
792 2825 987 2910 cogitatione.
1015 2824 1071 2889 sed
1088 2823 1135 2888 vi-
1152 2841 1169 2889 5

110 2916 218 2994 debat,
240 2916 275 2980 id
291 2916 364 3002 ,sine
384 2939 461 3004 rege
481 2916 580 2982 Perse
600 2939 664 2982 non
684 2939 779 3004 posse
800 2918 880 2995 fieri,
906 2918 1040 3001 ideoque
1062 2939 1134 2982 eum

111 3010 247 3075 amicum
265 3010 325 3076 sibi
343 3011 489 3097 cupiebat
506 3011 648 3097 adiungi,
669 3033 772 3096 neque
790 3011 965 3090 dubitabat,
988 3011 1081 3095 facile
1099 3034 1133 3076 se

111 3115 365 3183 consecuturum,
389 3105 528 3170 simodo
550 3105 616 3170 eius
639 3106 847 3171 conveniundi
867 3104 1030 3170 habuisset
1046 3114 1134 3190 pote-

111 3208 234 3264 statem.
261 3222 335 3264 nam
354 3197 475 3284 Cyrum
496 3199 624 3264 fratrem
645 3199 675 3263 ei
695 3199 813 3264 bellum
835 3198 916 3264 olam
936 3220 1047 3286 parare
1067 3198 1134 3263 La-

112 3293 320 3358 oedaemoniis
335 3292 554 3358 adiuvantibus
565 3294 696 3359 sciebat.
688 3318 696 3334 ·
710 3293 744 3358 id
754 3294 781 3359 si
790 3294 971 3379 aperuisset,
985 3315 1135 3379 magnam

112 3408 147 3451 se
164 3386 314 3451 initurum
331 3386 502 3474 gratiam
481 3386 617 3452 ridebat

161 3479 207 3544 X
234 3479 307 3546 Hoc
326 3495 398 3567 eum
410 3480 569 3546 moliretur
580 3489 761 3567 peteretque
775 3504 794 3545 a
806 3478 1021 3558 Pharnabazo,
1040 3489 1076 3545 ut
1092 3481 1133 3546 ad
1152 3499 1165 3545 1

112 3592 219 3656 regem
231 3575 301 3638 mitt
301 3560 413 3652 eretur,
433 3575 543 3639 eodem
555 3582 695 3660 tempore
709 3574 786 3640 Crit
765 3584 824 3640 tras
838 3574 993 3658 ceterique
1009 3575 1133 3682 tyranni

111 3661 353 3733 Atheniensium
366 3678 466 3733 certos
480 3668 622 3733 homines
635 3669 677 3733 ad
688 3667 914 3753 Lysandrum
904 3691 938 3732 m
950 3667 1116 3732 Asiam'
1075 3690 1133 3730 mr-

112 3767 228 3836 serunt,
247 3761 301 3843 qui
318 3784 390 3826 eum
403 3762 565 3827 certiorem
578 3761 773 3839 facerent‚'
742 3784 805 3826 msr
794 3759 1015 3826 Alcibiadem
1029 3767 1118 3824 sustu
1118 3799 1133 3811 ·

109 3852 213 3929 lisset,
236 3852 314 3918 nihil
331 3877 438 3920 earum
458 3877 562 3921 rerum
583 3855 651 3921 fore
672 3866 788 3934 ratum,
812 3876 889 3939 quas
911 3855 979 3940 ipse
997 3852 1131 3918 Athenis

109 3946 336 4012 constituisset:
354 3970 459 4033 quare,
479 3949 506 4014 si
520 3971 593 4014 suas
605 3971 656 4016 res
670 3959 776 4036 gestas
789 3968 915 4013 manere
928 3946 1031 4024 vellet,
1043 3946 1132 4011 illum

107 4050 357 4127 persequeretur.
382 4042 433 4109 his
450 4044 540 4109 Laco
557 4041 651 4109 rebus
670 4050 842 4110 commotus
862 4039 982 4120 statuit,
1006 4058 1168 4129 asemas
