2564 4410
181 218 222 283 38
514 221 697 278 CORNELII
710 219 874 275 NEPOTIS

493 463 574 527 XII.
613 460 894 530 CHABRIAS.

148 649 161 693 1
232 622 259 685 I.
288 616 442 685 Chabrias
461 615 676 680 Atheniensis.
702 615 759 680 hic·
776 637 901 701 quoque
917 604 952 679 in
970 614 1103 679 summis
1120 614 1217 682 habi-

181 736 232 782 tus
251 724 300 781 est
317 712 449 791 ducibus
462 732 576 794 resque
587 711 707 774 multas
722 712 872 776 memoria
890 710 1001 796 dignas
1019 710 1130 797 gessit.
1155 712 1216 777 sed

30 804 34 809 ’
124 826 139 853 ·--
181 836 222 876 ex
239 809 288 873 his
303 805 552 872 elucetmaxime
565 803 727 868 inventum
745 805 812 869 eius
830 805 863 868 in
875 803 1003 889 proelio,
1022 804 1109 888 quod
1125 805 1216 891 apud

148 903 310 975 aThebas
328 901 417 978 sccit,
441 921 513 964 cum
529 898 658 963 Boeotis
682 897 823 963 subsidio
845 898 992 977 venisset
1018 918 1158 981 namque
1180 898 1215 963 in

59 1006 62 1011 '
181 1022 218 1064 co
236 996 366 1062 victoria
383 994 532 1058 fidentem
555 1015 713 1057 summum
736 993 849 1057 ducem
866 989 1067 1078 Agesilaum,
1090 990 1214 1078 fugatis

180 1095 244 1157 iam
262 1090 302 1155 ab
321 1112 358 1153 eo
377 1086 578 1153 conducticiis
597 1086 740 1163 catervis,
755 1086 912 1169 reliquam
929 1085 1121 1172 phalangem
1139 1086 1214 1152 loco
1232 1110 1236 1115 ·

181 1185 281 1250 vetuit
303 1183 413 1248 cedere
432 1181 610 1264 obnixoque
628 1202 713 1266 genu
730 1188 829 1257 scuto,
847 1180 986 1265 proiecta
1002 1179 1095 1245 hasta
1111 1180 1215 1266 impe-

182 1291 249 1345 tum
272 1279 414 1363 excipere
436 1277 574 1341 hostium
596 1274 710 1339 docuit.
746 1275 780 1339 id
801 1293 918 1341 norum
939 1273 1112 1361 Agesilaus
1136 1296 1216 1340 con-

182 1384 274 1438 tuens
299 1371 447 1457 progredi
473 1392 538 1433 non
563 1377 611 1434 cst
640 1391 737 1432 ausus
764 1390 902 1451 suosque
927 1369 990 1433 iam
1015 1369 1213 1435 incurrentes

150 1468 260 1537 atuba
276 1464 445 1530 revocavit.
424 1464 533 1528 thoe
551 1484 651 1544 usque
670 1470 761 1527 eoto
728 1461 947 1528 totaGraecia
968 1462 1055 1527 fama
1072 1462 1215 1529 celebra—
1261 1542 1264 1547 Ι

183 1572 251 1626 tum
269 1569 330 1636 est,
349 1558 535 1622 uttillosat
490 1566 555 1621 tatu
576 1555 731 1621 Chabrias
750 1557 811 1621 sibi
829 1566 890 1622 stat
890 1580 964 1622 uam
981 1556 1049 1621 fieri
1066 1557 1229 1635 voluerit,-

183 1676 264 1738 quac
285 1652 460 1743 publice
433 1674 462 1716 er
484 1652 524 1717 ab
547 1649 822 1716 Atheniensibus
813 1675 847 1716 ιιι
868 1651 936 1717 foro
959 1651 1130 1732 constituta
1153 1660 1213 1717 est.
1273 1686 1275 1691 ·

184 1771 224 1813 ex
245 1769 308 1831 quo
330 1747 396 1811 fact
383 1756 451 1810 tum
474 1754 535 1822 est,
559 1753 780 1829 uttpostca
748 1734 845 1809 athlet
833 1756 883 1809 tae
901 1745 1058 1828 ceterique
1075 1733 1213 1811 artifices

182 1842 299 1906 hissta
300 1840 414 1905 tibus
405 1863 471 1904 ms
473 1839 567 1903 tatuis
585 1838 738 1924 ponendis
756 1848 792 1902 ut
793 1832 929 1917 crentur,
954 1861 1027 1903 cum
1048 1838 1216 1905 victoriam

184 1945 290 2001 essent
308 1935 411 2017 adept‘
402 1958 423 1996 1.

151 2052 163 2097 1
234 2028 279 2093 IL
308 2027 463 2091 Chabrias
482 2023 587 2105 autem
604 2026 703 2091 multa
719 2027 753 2091 in
766 2027 897 2112 Europa
913 2026 996 2093 bella
1012 2027 1215 2095 administra·

38 2132 42 2139 '
182 2123 237 2200 vit,
256 2142 328 2185 cum
347 2122 412 2183 dux
429 2118 671 2184 Atheniensium
689 2129 785 2200 esset,
804 2122 837 2185 in
854 2121 1004 2208 Aegypto
1022 2144 1080 2188 sua
1099 2132 1215 2208 sponte
1265 2178 1268 2183 .

182 2215 290 2301 gessit.
318 2237 391 2278 nam
404 2214 596 2279 Nectenebin
611 2216 752 2279 adiutum
764 2216 923 2300 profectus
940 2239 1072 2303 regnum
1090 2218 1120 2283 ei
1131 2208 1215 2284 ³eon-

150 2330 165 2375 a
184 2310 292 2374 stituit.
324 2308 399 2373 fecit
420 2309 505 2373 idem
529 2307 641 2393 Cypri,
670 2311 726 2375 sed
739 2310 876 2418 ¹publice
898 2310 938 2376 ab
960 2311 1214 2379 Atheniensibus

181 2404 350 2489 Euagorae
368 2403 455 2467 adiut
443 2412 491 2468 tor
508 2403 609 2481 datus,
628 2425 729 2488 neque
747 2405 833 2490 prius
852 2405 925 2470 inde
942 2405 1096 2483 discessit,
1074 2415 1215 2490 tquam

183 2506 228 2561 tot
229 2520 281 2561 am
305 2497 442 2561 insulam
468 2496 551 2562 bollo
577 2497 769 2575 detinceret3
743 2507 859 2581 tqua
881 2521 975 2564 exre
997 2453 1232 2565 Athenienses.

150 2611 330 2676 amagnam
348 2591 480 2676 gloriam
499 2600 572 2655 sunt
590 2592 739 2676 adepti'
730 2601 775 2654 int
777 2593 855 2655 erim
871 2592 1053 2657 bellumt
1007 2617 1040 2657 ιιι
1040 2579 1215 2681 terAegy-

181 2684 264 2794 ptios
279 2694 310 2748 et
298 2683 438 2749 tPersas
453 2685 566 2749 conflat
554 2693 621 2748 tum
634 2694 691 2749 est
670 2683 929 2752 tAthenienses
946 2710 1017 2752 cum
1030 2686 1213 2753 Artaxerxe

184 2780 365 2845 societatem
378 2778 545 2858 habeban,
563 2779 809 2845 Lacedaemonii
823 2804 894 2846 eum
907 2779 1086 2868 Aegyptiis,
1105 2805 1126 2847 a
1141 2782 1214 2867 qui-

151 2884 155 2891 ·
182 2873 242 2938 bus
265 2897 397 2959 magnas
419 2875 552 2959 praedas
574 2873 760 2960 Agesilaus,
783 2898 840 2940 rex
861 2898 982 2953 eorum,
1005 2875 1152 2941 faciebat.
1179 2877 1215 2942 id

182 2969 307 3032 intuens
327 2967 495 3045 Chabrias,
519 2991 591 3033 cum
609 2970 642 3033 in
658 2992 701 3034 re·
714 2970 800 3034 nulla
817 2969 969 3056 Agesilao
991 2970 1129 3048 cederet,
1154 2992 1214 3035 sua

183 3070 294 3146 sponte
321 3084 375 3127 eos
398 3062 540 3126 adiutum
560 3063 720 3147 profectus
742 3062 921 3150 Aegyptiae
944 3064 1038 3129 classi
1063 3063 1212 3149 praefuit,

182 3155 380 3240 pedestribus
400 3156 497 3241 copiis
515 3155 697 3241 Agesilaus.

150 3271 162 3315 1
233 3250 296 3314 ΠΙ.
325 3250 408 3335 Tum
422 3250 573 3335 praefecti
585 3251 669 3336 regis
684 3250 802 3317 Persae
815 3252 936 3338 legatos
949 3249 1214 3319 miseruntAthe-

133 3422 136 3427 Ι
182 3366 239 3408 nas
258 3353 414 3426 questum,
434 3345 519 3427 quod
537 3342 691 3409 Chabrias
710 3346 877 3411 advorsum
893 3368 1002 3432 regem
1019 3345 1139 3410 bellurn
1155 3366 1215 3431 ge-

181 3446 264 3500 reret
285 3459 357 3501 oum
374 3436 555 3524 Aegyptiis.
581 3437 792 3504 Athenienses
815 3440 899 3504 diem
918 3450 1033 3504 certam
1052 3437 1214 3509 Chabriae

120 3586 124 3591 .
181 3531 432 3615 praestituerunt,
451 3554 547 3616 quam
565 3541 636 3597 ante
654 3533 783 3596 domum
800 3533 863 3598 nisi
879 3534 1023 3610 redisset,
1044 3532 1157 3619 capitis
1177 3554 1213 3599 se

181 3624 270 3688 illum
293 3624 495 3690 damnaturos
517 3626 747 3690 denuntianmt.
778 3627 839 3692 hoe
860 3628 912 3691 ille
934 3627 1044 3691 nuntio
1065 3624 1212 3693 Athenas

180 3718 285 3796 rediit,
309 3739 411 3800 neque
432 3717 477 3783 ibi
498 3718 615 3783 diutius
635 3729 682 3784 est
698 3729 858 3798 moratus,
875 3742 969 3804 quam
992 3719 1053 3784 fuit
1068 3741 1211 3785 necesse.

148 3832 244 3878 anon
262 3812 346 3877 enim
363 3810 494 3876 libenter
511 3821 578 3877 erat
600 3822 671 3877 ante
690 3814 796 3878 oculos
819 3836 949 3877 suorum
970 3814 1100 3891 civium,
1124 3814 1211 3897 quod

182 3914 213 3968 et
237 3904 365 3971 virebat
390 3905 474 3970 laute
496 3916 527 3971 et
552 3906 735 3993 indulgebat
763 3907 825 3972 sibi
845 3906 1020 3984 liberalius,
1051 3928 1149 3990 quam
1173 3918 1211 3971 ut

147 3998 332 4065 ainvidiam
353 4000 441 4087 tulgi
462 4009 572 4086 posset
593 4001 741 4087 effugere.
770 4010 818 4066 est
846 4000 930 4066 enim
955 4000 1016 4067 hoc
1043 4016 1211 4067 commune

899 4122 944 4139 “--
972 4126 983 4133 1·
1020 4112 1029 4119 Ἰ
1134 4124 1139 4133 ι
