2564 4410
1134 84 1143 121 l

492 262 683 321 aurnuns,
839 212 842 216 ⁸
1061 254 1103 319 67
1172 249 1175 254 ’

74 406 150 448 nam
169 393 199 447 et
212 382 365 469 dignitate
378 381 438 445 fuit
455 380 588 446 honesta
601 387 634 444 et
645 378 765 444 viribus
785 379 826 444 ad
842 377 983 446 laborem
1000 381 1104 447 seren-

76 479 152 542 dum
160 476 268 553 firmis,
287 496 390 559 neque
400 484 464 539 tam
477 495 593 560 magno
603 495 731 558 corpore
741 494 836 557 quam
848 473 951 560 figura
959 484 1101 540 venusta.

125 570 208 635 XII.
235 569 289 633 De
306 568 368 633 hoc
375 567 557 654 Antigonus
575 588 657 632 cum>
667 565 752 632 solus
767 568 957 634 constituere
969 592 1034 634 non
1047 592 1103 634 au·
1121 592 1134 639 1

75 665 171 743 deret,
182 663 224 728 ad
233 662 399 729 eonsilium
411 661 526 726 retulit.
549 661 600 726 hic
614 682 806 727 cumomnes
819 662 920 748 primo
928 663 1103 748 perturbati

74 758 311 835 admirarentur,
328 755 474 821 neniam
492 754 532 820 de
545 776 582 820 eo
601 763 762 841 sumptum
779 777 849 821 esse
868 756 1064 841 supplicium,
1084 780 1103 822 a

75 874 139 937 quo
152 860 198 918 tot
207 873 304 916 annos
318 851 398 939 adeo
412 858 518 916 essent
530 850 612 915 male
620 850 729 929 habiti,
748 859 784 915 ut
797 872 891 937 saepe
901 852 942 916 ad
955 852 1102 938 despera-

74 947 193 1012 tionem
205 945 308 1010 forent
320 944 458 1022 adducti,
477 945 594 1029 quique
606 946 762 1010 maximos
772 945 868 1011 duces
881 945 1099 1025 interfecisset,
1120 964 1136 1012 2

76 1041 211 1124 denique
227 1040 342 1124 inquo
359 1061 423 1104 uno
442 1047 526 1104 esset
550 1049 686 1117 tantum,
708 1049 757 1118 ut,
781 1041 886 1123 quoad
902 1040 955 1105 ille
972 1041 1101 1118 viveret,

75 1135 138 1221 ipsi
160 1134 262 1200 securi
280 1155 350 1200 esse
367 1155 432 1197 non
452 1141 597 1218 possent,
619 1133 783 1200 interfecto
800 1134 877 1198 nihil
894 1134 1031 1200 habituri
1047 1157 1103 1200 ne-

75 1229 154 1316 gotii
168 1237 283 1306 essent,
300 1237 470 1313 postremo,
489 1227 516 1292 si
529 1227 574 1291 illi
587 1228 730 1292 redderet
743 1228 887 1307 salutem,
901 1228 1101 1313 quaerebant,

74 1322 191 1407 quibus
210 1322 319 1387 amicis
337 1331 422 1388 esset
438 1344 569 1388 usurus:
588 1342 659 1386 sese
677 1322 760 1387 enim
772 1344 847 1389 cum
858 1321 1004 1387 Eumene
1018 1323 1103 1408 apud

75 1439 150 1483 eum
165 1438 230 1481 non
246 1415 379 1481 futuros.
406 1415 458 1481 hic
471 1417 597 1502 cognita
613 1416 736 1481 consilii
748 1416 908 1481 voluntate
925 1424 1032 1481 tamen
1048 1438 1102 1481 us·
1121 1437 1135 1484 3

74 1533 138 1596 que
159 1511 201 1577 ad
223 1511 392 1596 septimum
413 1510 497 1576 diem
515 1510 707 1576 deliberandi
725 1511 787 1577 sibi
809 1512 947 1597 spatium
967 1510 1101 1596 reliquit.

74 1616 144 1671 tum
156 1614 272 1682 autem,
285 1604 429 1668 cumiam
442 1613 610 1682 vereretur,
624 1627 664 1669 ne
676 1627 741 1688 qua
749 1605 861 1671 seditio
871 1605 1027 1672 exercitus
1041 1605 1103 1670 ori·
1195 1650 1204 1687 -,

72 1708 175 1776 retur,
197 1697 298 1762 vetuit
319 1718 509 1781 quemquam
531 1699 573 1763 ad
590 1720 664 1763 eum
681 1698 812 1776 admitti,
836 1707 867 1763 et
884 1699 1102 1782 quotidianum

72 1794 195 1858 victum
211 1791 366 1857 removeri
382 1791 484 1857 iussit.
510 1815 586 1857 nam
602 1791 740 1878 negabat
752 1813 787 1858 se
801 1792 831 1857 ei
842 1791 908 1856 vim
925 1791 1101 1868 allaturum,

74 1887 131 1972 qui
144 1885 311 1970 aliquando
324 1885 437 1952 suisset
449 1885 580 1951 amicus.
607 1886 658 1951 hic
668 1895 774 1951 tamen
786 1906 849 1951 non
863 1885 997 1971 amplius
1007 1906 1101 1968 quam
1119 1907 1136 1952 4

74 1981 214 2047 triduum
231 1979 315 2045 fame
333 1979 494 2067 fatigatus,
513 2003 586 2046 cum
604 1989 707 2046 castra
723 1989 932 2058 moverentur,
949 1979 1102 2045 insciente

73 2072 240 2160 Antigono
256 2073 416 2160 iugulatus
434 2084 484 2141 est
501 2099 520 2141 a
538 2074 732 2141 custodibus.

126 2168 238 2234 ΧΙΠ.·
258 2165 313 2234 Sic
324 2168 485 2236 Eumenes
504 2192 658 2236 annorum
674 2170 814 2255 quinque
831 2177 863 2234 et
880 2168 1099 2255 quadraginta,
1119 2188 1133 2234 1

75 2285 150 2328 cum
167 2263 207 2328 ab
226 2284 308 2327 anno
325 2263 485 2342 vicesimo,
503 2265 550 2329 uti
567 2285 664 2349 supra
680 2263 886 2340 ostendimus,
905 2271 1027 2348 septem
1044 2286 1100 2327 an-

74 2377 133 2422 nos
141 2354 290 2441 Philippo
307 2357 514 2442 apparuisset,
533 2357 682 2422 tredecim
699 2357 785 2442 apud
792 2354 1011 2420 Alexandrum
1025 2376 1102 2419 eun·

74 2451 149 2515 dem
170 2449 275 2516 locum
291 2449 492 2529 obtinuisset,
514 2451 549 2515 in
568 2451 620 2515 his
638 2473 737 2515 unum
760 2449 900 2535 equitum
921 2448 990 2513 alae
1011 2470 1102 2533 prae-

74 2543 204 2622 fuisset,
226 2553 301 2630 post
323 2553 428 2610 autem
444 2543 620 2609 Alexandri
636 2543 751 2631 Magni
772 2551 907 2608 mortem
932 2542 1101 2628 imperator

75 2637 230 2702 exercitus
244 2636 386 2704 duxisset
399 2659 602 2723 summosque
617 2639 713 2705 duces
726 2637 840 2723 partim
851 2636 1019 2722 repulisset
1030 2658 1102 2721 par-

74 2730 133 2795 tim
148 2731 366 2812 interfecisset,
386 2743 496 2819 captus
514 2755 579 2799 non
591 2733 748 2819 Antigoni
767 2731 897 2808 virtute,
920 2731 978 2796 sed
990 2729 1101 2794 Mece-

74 2824 193 2890 donum
206 2825 351 2910 periurio,
370 2826 465 2892 talem
482 2826 592 2892 habuit
605 2826 724 2891 exitum
736 2824 829 2890 vitae.
855 2823 890 2888 in
907 2844 970 2908 qno
984 2831 1100 2907 quanta
1119 2844 1133 2891 2

74 2919 216 2985 omnium
224 2919 319 2985 fuerit
327 2920 432 3006 opinio
442 2943 558 2999 eorum,
573 2921 628 3005 qui
635 2929 709 3006 post
716 2918 935 2984 Alexandrum
943 2916 1101 3005 Magnum

73 3035 167 3100 reges
186 3023 258 3079 sunt
272 3015 428 3100 appellati,
448 3037 488 3080 ex
499 3015 561 3081 hoc
573 3013 722 3080 facillime
739 3022 844 3100 potest
859 3011 1000 3091 iudicari,
1015 3012 1101 3096 quod

74 3129 168 3173 nemo
175 3106 321 3175 Eumene
329 3109 402 3175 vivo
411 3132 468 3175 rex
476 3109 650 3197 appellatus
661 3117 718 3186 est,
729 3108 786 3173 sed
793 3106 986 3194 praefectus3
1003 3106 1099 3170 iidem
1118 3127 1133 3173 3

73 3211 148 3288 post
155 3202 249 3269 huius
259 3225 407 3270 occasum
415 3205 521 3270 statim
533 3205 658 3291 regium
667 3211 811 3268 ornatum
822 3221 1000 3285 nomenque
1015 3221 1100 3265 sum-

73 3306 215 3382 pserunt,
232 3319 345 3383 nequc,
364 3299 449 3383 quod
465 3298 554 3364 initio
571 3297 801 3384 praedicarant,
820 3316 854 3361 se
871 3293 1047 3359 Alexandri
1063 3291 1101 3358 li·

74 3387 159 3455 beris
176 3412 309 3478 regnum
328 3414 461 3470 servare,
479 3402 640 3478 praestare
657 3391 836 3471 voluerunt,
855 3397 887 3453 et
903 3409 967 3453 uno
984 3409 1101 3473 propu-

73 3493 205 3570 gnatore
219 3486 352 3565 sublato,
371 3486 448 3571 quid
461 3486 620 3564 sentirent,
639 3491 836 3573 aperuerrmt
863 3481 957 3547 huius
972 3481 1099 3548 sceleris

72 3577 231 3666 principes
249 3581 376 3647 fuerunt
388 3578 582 3668 Antigonus,
595 3578 808 3663 Ptolemaeus,
825 3574 988 3654 Seleucus,
1002 3576 1100 3662 Lysi-

72 3671 220 3753 machus,
241 3673 450 3752 Cassandrus.
482 3673 665 3761 Antigonus
688 3681 794 3738 autem
816 3669 995 3736 Eumenem
1016 3687 1133 3734 mor-4

73 3776 164 3834 tuum
189 3770 375 3856 propinquis
401 3769 469 3836 sius
497 3761 714 3855 sepeliendum
735 3765 873 3831 tradidit.
912 3765 948 3831 bi
972 3762 1100 3828 militari

72 3862 271 3948 honestoque
292 3864 413 3943 funere,
435 3864 602 3931 comitante
628 3873 694 3930 toto
720 3862 869 3941 exercitu,
889 3860 1099 3924 humavenrnt
1219 3933 1223 3939 ¹

73 3977 210 4042 ossaque
232 3958 300 4024 eius
321 3959 355 4023 in
373 3958 609 4046 Cappadociam
630 3957 672 4023 ad
692 3965 825 4023 matrem
847 3963 942 4038 atque
967 3973 1100 4018 uxorem

71 4049 251 4139 liberosque
270 4053 338 4119 eius
356 4053 549 4139 deportmda
566 4062 722 4119 ornarunt.
864 4149 902 4202 b*
