2564 4410
184 200 224 266 72
512 208 868 267 coornannarorrs
965 272 968 280 Δ

182 350 277 413 quam
295 349 330 393 se
346 327 379 391 in
394 348 432 390 ea
442 347 477 390 re
494 325 630 389 maxime
647 324 707 389 diis
705 347 819 423 agere
836 325 951 434 gratias
964 334 1057 410 atque
1074 327 1201 408 habere,

183 422 276 505 quod,
297 442 368 485 cum
387 416 528 485 Siciliam
543 439 683 483 recreare
701 408 979 496 constituissentt
980 442 1084 486 umse
1102 423 1203 507 potis·

149 517 297 586 isimum
315 515 427 579 ducem
445 534 514 578 esse
536 512 717 578 voluissent.
751 512 830 577 nihil
857 515 940 578 enim
964 535 1069 578 rerum
1088 515 1202 580 huma

181 633 292 675 narum
319 608 385 673 sine
411 606 540 672 deorum
565 606 693 671 numine
717 607 785 692 geri
813 606 953 692 putabat.
991 608 1097 691 itaque
1123 631 1201 674 suae

182 704 268 768 domi
282 701 431 768 sacellum
446 696 657 783 Αὐτοματίας
675 710 774 765 constr
763 701 875 765 ittuera
891 701 985 784 idque
1004 702 1204 768 sanctissime

182 797 387 863 colebat..

148 915 161 959 1
232 890 272 957 V
298 890 354 954 Ad
374 889 456 954 hanc
476 888 611 953 hominis
630 887 780 953 excellent
768 897 831 953 tem
848 888 967 953 bonitat
955 898 1018 953 tem
1039 889 1201 956 mirabiles

180 991 377 1051 accesserant
390 1000 492 1047 casus.
519 1005 593 1047 nam
604 981 723 1068 proelia
735 1005 872 1047 maxima
879 981 976 1047 natali
989 1005 1046 1048 suo
1060 983 1111 1047 die
1124 983 1201 1049 fecit

139 1098 142 1103 ·
175 1079 299 1156 omnia,
322 1099 384 1160 quo
401 1077 520 1141 sactum
539 1085 600 1154 est,
618 1084 654 1140 ut
671 1076 738 1141 eius
756 1076 839 1140 diem
856 1076 992 1141 natalem
1009 1076 1126 1141 festum
1142 1077 1201 1143 ha-

146 1171 268 1241 nberet
255 1171 439 1236 tunivcrsa
465 1168 582 1267 Sicilia.
616 1169 690 1234 huic
715 1169 842 1252 quidam
867 1169 1022 1254 Laphyst
1013 1191 1077 1249 rus,
1088 1162 1201 1235 homo

178 1265 322 1351 petulans
345 1274 376 1330 et
400 1265 491 1349 ingre
491 1273 556 1341 tus,
582 1263 794 1327 vadimonium
817 1284 888 1326 cum
910 1263 1037 1326 vellet
1028 1284 1199 1348 imponere,

179 1358 265 1443 quod
282 1380 354 1423 cum
371 1358 424 1421 illo
443 1379 477 1420 se
494 1356 563 1441 lege
582 1376 674 1440 agere
693 1354 817 1431 diceret,
837 1363 867 1418 et
880 1355 1054 1466 complures
1069 1377 1200 1420 concur-

178 1452 302 1528 rissent,
322 1450 375 1532 qui
392 1448 549 1534 procacita
531 1458 613 1512 atem
629 1446 764 1513 hominis
782 1446 926 1513 manibus
945 1453 1087 1513 coercere
1105 1471 1201 1514 cona

96 1620 100 1629 ι
178 1553 299 1620 rentur,
318 1542 483 1607 Timoleon
500 1541 599 1606 oravit
620 1563 743 1617 omnes,
769 1563 809 1605 ne
826 1541 860 1605 id
881 1541 1026 1606 facerent.
1061 1563 1201 1626 namque

177 1637 211 1701 id
228 1646 263 1702 ut
271 1635 448 1722 Laphystio
467 1644 497 1699 et
510 1635 609 1699 cuivis
625 1634 742 1712 liceret,
754 1656 797 1722 se
809 1635 962 1700 maximos
976 1634 1098 1700 labores
1112 1657 1200 1700 sum-

178 1751 292 1814 maque
305 1730 419 1794 adiisse
432 1728 578 1813 pericula.
605 1728 687 1795 hanc
700 1729 783 1793 enim
798 1729 934 1813 speciem
950 1728 1100 1794 libertatis
1115 1751 1200 1808 esse,

179 1824 207 1889 si
224 1823 382 1901 omnibus,
401 1823 484 1907 quod
501 1822 634 1906 quisquc
652 1822 754 1900 vellet,
780 1821 904 1908 legibus
926 1824 1059 1908 experiri
1080 1823 1198 1889 liceret.

145 1939 160 1985 3
177 1918 271 1995 idem,
291 1939 362 1982 cum
375 1917 502 2000 quidam
510 1916 680 2001 Laphystii
698 1916 817 1994 similis,
835 1917 961 1982 nomine
970 1916 1198 1994 Demaenetus,

177 2012 211 2076 in
229 2011 371 2077 contione
388 2009 497 2095 populi
518 2009 557 2074 de
578 2009 672 2074 rebus
689 2010 787 2095 gestis
810 2010 877 2075 eius
900 2010 1060 2075 detrahere
1078 2011 1199 2095 coepis-

180 2113 228 2169 set
245 2125 282 2168 ac
299 2102 448 2168 nonnulla
460 2102 658 2167 inveheretur
674 2102 922 2180 inTimoleonta‚
942 2102 1029 2180 dixit,
1047 2126 1130 2168 nunc
1144 2104 1199 2168 de-

178 2219 266 2261 mum
284 2217 318 2260 se
336 2196 405 2260 voti
423 2216 493 2260 esse
511 2196 705 2261 damnatum:
727 2217 862 2279 namque
879 2194 940 2261 hcc
957 2218 976 2259 a
993 2196 1052 2259 diis
1070 2196 1199 2261 immor-

178 2288 293 2354 talibus
316 2310 438 2374 semper
458 2297 632 2373 precatum‚
655 2297 691 2352 ut
712 2287 807 2352 talem
827 2288 1002 2353 libertatem
1019 2289 1196 2353 restitueret

180 2381 402 2468 Syracusanis,
425 2383 459 2446 in
475 2404 538 2466 qua
548 2381 654 2451 ‚cuivis
672 2381 791 2459 liceret,
811 2381 930 2466 dequo
947 2381 1049 2458 vellet,
1067 2380 1196 2466 impune

144 2502 161 2547 4
179 2478 290 2541 dicere.
317 2476 368 2540 hic
386 2497 457 2540 cum
475 2476 559 2540 diem
577 2497 757 2561 supremum
775 2475 902 2552 obisset,
920 2473 1044 2562 publice
1062 2497 1082 2538 a
1100 2471 1198 2559 Syra»

179 2570 304 2634 cusanis'
321 2570 365 2632 im
382 2570 557 2655 gymnasio,
575 2570 659 2653 quod
669 2569 919 2635 Timoleonteum
932 2568 1113 2655 appellatur,
1132 2577 1201 2633 tota

178 2662 352 2730 celebrante
371 2660 479 2728 Sicilia
497 2661 636 2746 sepultus
654 2672 711 2732 est.

450 2883 550 2947 xxi.
584 2871 652 2947 us
675 2880 919 2950 REGIBUS.
945 2842 947 2847 ¹

146 3061 159 3105 1
229 3037 256 3100 l.
285 3036 331 3101 Hi
348 3035 414 3100 sere
432 3034 558 3101 fuerunt
573 3033 712 3102 Graecae
730 3036 832 3122 gentis
851 3035 957 3114 duces,
976 3036 1031 3119 qui
1047 3034 1197 3100 memoria

178 3131 265 3219 digni
282 3130 458 3208 videantur,
481 3139 603 3215 praeter
619 3152 720 3219 reges
746 3152 881 3215 namque
899 3153 952 3196 cos
971 3131 1123 3217 attingere
1141 3151 1198 3195 no-

177 3225 308 3303 luimus,
332 3223 416 3308 quod
434 3223 572 3288 omnium
596 3246 646 3289 res
664 3232 773 3310 gestae
792 3225 959 3309 separatim
981 3232 1054 3289 sunt
1070 3224 1195 3289 relatae.

146 3338 282 3401 ‘ineque
308 3327 413 3382 tamen
438 3316 472 3381 hi
498 3314 666 3383 admodum
694 3327 765 3381 sunt
790 3317 889 3381 multi.
924 3317 1196 3383 Lacedaemonius

178 3419 284 3474 autem
291 3409 462 3497 Agesilaus
480 3412 615 3489 nomine,
633 3434 697 3476 non
713 3420 867 3497 potestate
884 3410 945 3475 fuit
962 3432 1027 3488 rex,
1048 3411 1129 3476 sicut
1146 3432 1197 3475 ce-

180 3503 238 3568 teri
257 3501 413 3588 Spartani.
445 3527 485 3570 ex
501 3504 550 3569 his
568 3528 656 3584 vero,
679 3506 734 3589 qui
751 3504 943 3570 dominatum
959 3504 1090 3590 imperio
1107 3515 1197 3571 tenu·

179 3607 277 3677 erunt,
297 3599 548 3665 excellentissimi
561 3600 696 3678 fucumt,
710 3609 745 3665 ut
757 3623 814 3666 nos
828 3600 1013 3676 iudicamus,
1026 3598 1197 3664 Persarum

180 3693 284 3779 Cyrus
299 3701 329 3757 et
336 3691 464 3771 Darius,
483 3693 638 3780 Hystaspi
654 3693 747 3772 filius,
766 3715 899 3779 quorum
910 3702 1040 3777 uterque
1053 3693 1195 3779 privatus

178 3789 292 3853 virtute
305 3808 437 3873 regnum
450 3796 498 3851 est
511 3788 651 3873 adeptus.
678 3788 762 3873 prior
770 3786 885 3855 borum
898 3786 982 3872 apud
994 3786 1195 3873 Massagetas

178 3881 211 3944 in
227 3879 346 3965 proelio
364 3878 488 3958 cecidit3
506 3879 624 3946 Darius
634 3890 801 3953 ,senectute
814 3881 897 3946 diem
909 3879 986 3946 obiit
1004 3901 1197 3965 supremum.

110 4028 113 4033 .
144 3996 160 4044 e
179 3983 241 4040 tres
260 3984 333 4040 sunt
349 3983 509 4060 praeterea
526 3974 666 4040 eiusdem
683 3976 816 4062 generis,
834 3974 961 4042 Xerxes
980 3984 1011 4040 et
1028 3972 1197 4040 dqurta
