2564 4410
198 213 241 277 92
534 188 716 283 coaauan
729 223 892 281 NEPOTIS
976 258 978 262 =

199 339 332 417 modica,
351 361 416 403 non
429 337 537 415 multa,
557 348 592 403 ut
609 339 643 402 in
656 347 798 404 neutram
815 347 937 424 partem
950 339 1090 425 conspici
1106 351 1230 426 posset.

96 500 99 517 ι
165 458 181 504 c
198 455 258 499 neo
270 431 455 518 praeteribo,
475 453 666 516 quamquam
679 433 836 499 nonnullis
849 433 919 498 leve
933 433 1037 499 visum
1049 433 1088 498 iri
1101 443 1230 521 putem:

199 551 271 593 cum
288 529 322 591 in
338 527 448 613 primis
465 526 570 591 lautus
589 537 673 592 esset
690 549 786 612 eques
803 527 967 593 Romanus
986 539 1017 593 et
1033 551 1097 593 non
1114 552 1230 615 parum

197 621 366 687 liberaliter
387 621 517 686 domum
540 644 630 686 suam
652 622 791 686 omnium
815 622 958 686 ordinum
980 622 1123 688 homines
1146 624 1230 689 invi-

198 726 287 793 taret,
308 716 439 792 scimus,
461 737 525 780 non
550 714 685 800 amplius
703 737 798 799 quam
816 725 903 780 terna
920 715 1006 781 milia
1025 713 1136 803 [aeris]
1156 739 1230 803 per-

199 831 298 894 aeque
319 810 354 873 in
376 809 516 896 singulos
539 831 664 875 menses
687 830 727 874 ex
745 808 942 895 ephemeride
960 831 1034 874 eum
1051 833 1228 897 expensum

166 928 179 972 s
199 905 338 990 sumptui
352 903 433 969 ferre
452 903 588 969 solitum.
616 912 710 987 atque
727 903 786 968 hoo
799 925 863 968 non
876 904 1027 982 auditum,
1047 905 1103 970 sed
1117 907 1228 993 cogni·

199 1009 266 1064 tum
284 999 518 1084 praedicamus:
544 1019 638 1083 saepe
660 998 744 1063 enim
766 1008 894 1083 propter
910 997 1152 1065 familiaritatem
1171 1000 1228 1066 do-

198 1092 337 1157 mesticis
355 1091 449 1157 rebus
467 1091 677 1157 interfuimus.

167 1211 178 1255 1
249 1185 346 1251 XIV.
378 1185 479 1251 Nemo
505 1186 538 1250 in
561 1186 705 1251 convivio
733 1186 800 1250 eius
823 1184 908 1249 aliud
934 1207 1080 1251 acroama
1105 1187 1229 1255 audivit

198 1303 292 1364 quam
311 1289 519 1366 anagnosten,
541 1279 627 1363 quod
643 1301 701 1344 nos
719 1279 847 1363 quidem
863 1279 1124 1345 iucundissimum
1142 1279 1228 1346 arbi-
1253 1288 1256 1295 '

198 1386 330 1453 tramur3
356 1396 459 1458 neque
484 1395 635 1458 umquam
662 1374 728 1438 sine
755 1372 860 1456 aliqua
884 1373 1016 1439 lectione
1042 1375 1128 1460 apud
1151 1397 1227 1443 eum

128 1516 132 1527 .
199 1477 364 1534 coenatum
382 1477 439 1545 cst,
458 1477 574 1532 utnon
591 1468 696 1532 minus
714 1466 819 1532 animo
833 1489 928 1551 quam
946 1476 1051 1533 ventre
1070 1470 1226 1535 convivae

120 1578 126 1589 ‘
164 1585 179 1630 a
198 1562 434 1626 delectarentur.
461 1582 597 1645 namque
615 1583 669 1626 eos
683 1560 826 1639 vocabat,
847 1583 981 1645 quorum
998 1584 1100 1627 mores
1120 1585 1139 1627 a
1158 1564 1227 1629 suis

197 1678 261 1721 non
279 1654 487 1721 abhorrerent.
515 1675 588 1719 cum
605 1663 692 1719 tanta
708 1655 860 1740 pecuniae
873 1653 958 1720 facta
971 1664 1055 1720 esset
1073 1657 1226 1734 accessio,

197 1750 274 1814 nihil
293 1750 332 1814 de
358 1749 540 1834 quotidiano
559 1749 645 1814 cultu
666 1749 813 1827 mutavit,
836 1749 915 1814 nihil
932 1749 971 1814 de
993 1749 1076 1815 vitae
1093 1772 1228 1817 consue-

197 1845 314 1922 tudine,
333 1853 480 1929 tantaque
499 1866 576 1909 usus
590 1852 639 1907 est
655 1844 876 1928 moderatione,
895 1859 931 1908 ut
943 1865 1044 1928 neque
1062 1844 1096 1908 in
1110 1854 1227 1911 sester-

198 1939 241 2004 tio
263 1939 373 2016 vicies,
401 1938 486 2022 quod
507 1962 527 2002 a
548 1946 636 2023 patre
658 1947 835 2023 acceperat,
862 1961 973 2023 parum
1000 1959 1034 2002 se
1062 1938 1227 2023 splendide

197 2035 345 2122 gesserit,
376 2055 478 2116 neque
509 2033 546 2101 in.
577 2033 720 2098 sestertio
750 2032 867 2098 centies
903 2032 1082 2098 affluentius
1112 2034 1227 2098 vixerit

197 2151 292 2213 quam
310 2127 499 2203 instituerat,
522 2127 652 2213 parique
674 2126 801 2212 fastigio
820 2127 939 2191 steterit
959 2127 992 2191 in
1009 2135 1143 2211 utraque
1161 2127 1227 2193 for-

162 2242 178 2288 3
196 2233 282 2286 tuna.
308 2221 412 2285 nullos
429 2219 539 2284 habuit
556 2219 674 2298 hortos,
692 2220 811 2285 nullam
829 2219 1042 2285 suburbanam
1060 2229 1114 2286 aut
1131 2222 1227 2287 mari-

197 2316 306 2381 timam
325 2324 541 2400 sumptuosam
554 2314 671 2393 villam,
689 2336 791 2407 neque
809 2313 952 2392 inItalia,
970 2313 1227 2400 praeterAnreti-

196 2434 273 2476 num
291 2419 322 2475 et
338 2409 584 2488 Nomentanum,
603 2409 756 2475 rusticum
772 2409 949 2495 praedium3
972 2411 1136 2495 omnisque
1155 2411 1225 2477 eius

195 2505 348 2590 pecuniae
364 2504 483 2569 reditus
502 2504 665 2570 constabat
681 2504 892 2590 inEpiroticis
907 2512 939 2569 et
954 2503 1082 2569 urbanis
1096 2526 1227 2590 posses-

197 2597 349 2664 sionibus.
385 2619 425 2661 ex
447 2619 511 2680 quo
533 2598 683 2684 cognosci
707 2607 825 2684 potest,
852 2620 947 2663 usum
972 2621 1045 2663 eum
1069 2599 1225 2694 pecuniae

196 2715 260 2758 non
278 2691 502 2779 magnitudine,
523 2693 579 2756 sed
596 2692 716 2757 ratione
733 2693 836 2758 metiri
855 2693 989 2759 solitum.

164 2809 176 2853 1
248 2785 327 2851 XV.
358 2784 563 2851 Mendacium
589 2809 691 2872 neque
719 2787 843 2853 dicebat
869 2809 971 2872 neque
996 2788 1062 2872 pati
1087 2796 1224 2872 poterat

195 2881 301 2964 itaque
319 2881 387 2945 eius
406 2881 536 2945 comitas
554 2903 617 2946 non
637 2881 703 2946 sine
722 2883 887 2948 severitate
905 2890 979 2958 erat,
997 2900 1099 2964 neque
1117 2882 1225 2967 gravi·

196 2987 244 3038 tas
264 2974 332 3038 sine
350 2973 514 3051 facilitate,
537 2985 572 3038 ut
590 2975 718 3041 difficile
737 2986 822 3041 esset
838 2975 1007 3052 intellectu,
1025 2983 1131 3039 utrum
1149 2996 1223 3040 eum

195 3067 288 3133 amici
305 3068 408 3154 magis
426 3079 606 3134 vererentur
627 3093 668 3134 an
686 3079 835 3135 amarent.
866 3069 1019 3153 quidquid
1041 3068 1223 3154 rogabatur,

194 3162 341 3248 religiose
362 3161 577 3247 promittebat,
601 3165 686 3246 quod
702 3187 766 3229 non
788 3163 940 3240 liberalis,
964 3163 1020 3227 aed
1042 3162 1121 3238 levis
1140 3160 1224 3227 arbi-

162 3279 176 3324 a
195 3256 335 3321 trabatur
351 3256 500 3341 polliceri,
519 3257 605 3340 quod
621 3268 780 3343 praestare
797 3281 861 3323 non
877 3266 994 3343 posset.
1022 3255 1107 3320 idem
1124 3256 1158 3320 in
1174 3257 1223 3320 ni-

195 3351 299 3427 tendo,
318 3351 402 3435 quod
421 3351 517 3415 semel
535 3351 705 3430 annuisset,
725 3361 812 3417 tanta
825 3361 891 3416 crat
904 3374 988 3427 cura,
1006 3359 1119 3414 utnon
1132 3372 1222 3413 man-

195 3443 311 3520 datam,
331 3445 387 3509 sed
405 3468 495 3510 suam
508 3467 574 3510 rem
588 3446 745 3510 videretur
763 3468 866 3532 agere.
893 3465 1067 3528 numquam
1081 3443 1222 3528 suscepti

194 3538 312 3624 negotii
331 3560 403 3602 eum
419 3550 599 3625 pertaesum
618 3549 678 3605 est:
699 3563 788 3605 suam
806 3541 889 3605 enim
907 3537 1170 3604 existimationem
1186 3537 1220 3602 in

160 3653 233 3703 aea
248 3652 282 3696 re
305 3632 357 3717 agi
379 3633 522 3716 putabat,
546 3656 608 3718 qua
629 3634 707 3698 nihil
728 3633 865 3700 habebat
887 3634 1000 3699 carius.
1027 3653 1091 3716 quo
1112 3631 1219 3709 fiebat,

194 3737 229 3791 ut
247 3727 352 3792 omnia
366 3725 565 3806 Ciceronum,
587 3726 718 3815 [Marci]
735 3727 876 3806 Catonis,
896 3726 937 3809 Q
947 3726 1122 3803 Hortensii,
1141 3724 1221 3790 Auli

194 3820 355 3905 Torquati,
369 3821 539 3887 multorum
548 3833 709 3908 praeterea
719 3824 859 3909 equitum
867 3822 1082 3887 Romanorum
1091 3821 1221 3906 negotia

192 3926 382 3999 procuraret.
409 3937 450 3980 cx
467 3937 530 3999 quo
547 3917 678 3982 iudicari
695 3926 825 4003 poterat,
844 3939 908 3981 non
925 3917 1045 3994 inertia,
1064 3915 1122 3980 sed
1138 3913 1221 3979 iudi-

193 4011 243 4077 cio
261 4011 382 4098 fugisse
400 4011 606 4097 reipublicae
623 4013 882 4101 procurationem.
