2564 4410
512 241 735 314 Pressuras.
797 237 799 241 ’
1095 231 1136 296 15

112 376 256 448 possent3
283 360 402 424 aditum
427 357 605 445 petentibus
628 356 836 422 conveniundi
862 377 926 421 non
948 356 1056 437 dabat3
1084 380 1170 426 sir-3

114 454 209 542 perbe
226 452 448 541 respondebat,
476 452 640 517 crudeliter
656 450 839 537 imperabat.
871 447 1019 536 Spartam
1035 452 1136 517 redire

113 547 247 614 nolebat.
276 545 423 623 Celonas,
442 547 496 631 qui
513 546 600 610 locus
618 543 652 608 in
669 544 882 631 agro-Troade
900 555 964 623 est,
1000 567 1034 610 se
1061 569 1137 611 con-

113 640 240 719 tulerat3
257 640 303 706 ibi
320 639 539 705 consiliarum
556 639 674 725 patria'e
688 647 755 703 tum
768 637 828 703 sibi
845 638 970 703 inimica
984 639 1136 724 capiebat.

111 737 146 803 id
162 747 331 824 postquam
347 735 593 801 Lacedaemonii
609 734 795 811 rescierunt,
818 732 940 820 legatos
958 756 1030 798 cum
1048 734 1138 800 clava
1155 756 1172 802 4

112 830 154 896 ad
172 853 245 895 eum
262 830 421 906 miserunt,
439 830 473 894 in
490 851 553 912 qua
569 850 655 893 more
672 826 797 892 illorum
811 836 877 891 erat
895 827 1058 912 scriptum:
1076 828 1137 892 nisi

112 925 243 989 domum
259 931 474 1000 reverteretur,
494 945 527 988 se
541 923 652 1008 capitis
671 943 743 986 eum
756 922 967 986 damnaturos.
986 920 1045 987 hoc
1057 944 1138 985 nun-
1156 941 1172 987 5

112 1019 158 1082 tio
176 1009 363 1094 commotus,
388 1039 518 1102 sperans
541 1038 575 1081 se
597 1017 691 1080 etiam
713 1025 778 1079 tum
792 1015 930 1100 pecunia
947 1024 978 1078 et
999 1015 1139 1101 potentia

113 1111 235 1176 instans
253 1109 426 1196 periculum
446 1131 542 1194 posse
561 1108 728 1194 depellere,
752 1108 880 1172 domum
897 1109 997 1172 rediit.
1023 1109 1086 1174 huc
1104 1122 1138 1173 ut
1236 1152 1239 1157 ·

112 1205 212 1282 venit,
240 1204 280 1269 ab
308 1203 433 1289 ephoris
454 1204 488 1267 in
513 1203 617 1267 vincla
637 1201 764 1289 publica
789 1209 838 1266 est
863 1202 1035 1267 coniectus:
1066 1203 1139 1266 licet

112 1298 198 1362 enim
218 1297 342 1383 legibus
365 1320 472 1388 eorum
491 1297 590 1362 cuivis
613 1295 731 1382 epham
751 1294 811 1361 hoc
832 1294 1030 1386 facereregi.
1065 1296 1139 1361 hinc

112 1400 219 1455 tamen
241 1413 275 1456 se
297 1391 468 1477 expedivit3
495 1411 597 1475 neque
620 1412 657 1454 eo
679 1389 780 1476 magis
803 1387 929 1453 carebat
951 1389 1137 1474 suspicione.

111 1507 188 1548 nam
209 1485 314 1570 opinio
337 1484 497 1563 manebat,
525 1507 597 1568 eum
619 1507 691 1549 cum
716 1505 791 1569 rege
813 1482 929 1549 habere
947 1485 1137 1549 societatem.

113 1589 162 1644 est
178 1600 279 1664 genus
297 1579 456 1662 quoddam
469 1578 641 1655 hominum,
659 1579 744 1660 quod
757 1575 891 1643 εῐλῶται
904 1588 1042 1655 vocatur,
1061 1601 1138 1662 quo-
1157 1597 1173 1643 6

112 1695 184 1737 rum
207 1694 323 1756 magna
344 1671 510 1735 multitudo
532 1692 625 1756 agros
643 1670 966 1736 Lacedaemoniorum
984 1671 1057 1737 colit
1075 1695 1139 1738 ser-

111 1785 287 1846 vorumque
313 1785 441 1828 munere
467 1763 617 1850 fungitur.
653 1763 712 1827 hos
739 1784 864 1845 quoque
891 1764 1055 1832 sollicitare
1082 1788 1138 1851 spe

111 1857 264 1922 libertatis
290 1856 534 1922 existimabatur.
569 1858 626 1922 sed
648 1857 733 1941 quod
754 1856 865 1920 harum
887 1879 991 1922 rerum
1017 1857 1172 1922 nullum?

113 1961 180 2016 erat
196 1960 338 2036 apertum
355 1951 481 2029 crimen,
501 1973 563 2034 quo
580 1945 671 2038 argui
688 1959 810 2036 posset,
833 1974 897 2015 non
913 1950 1075 2036 putabant,
1098 1952 1138 2015 de

111 2045 168 2110 tali
189 2054 315 2128 tamque
338 2044 421 2110 claro
449 2046 514 2110 viro
535 2044 768 2131 suspicionibus
790 2054 932 2131 oportere
953 2044 1085 2110 iudicari
1107 2058 1138 2110 et

111 2139 462 2223 exspectandumdum
480 2162 514 2205 sc
531 2140 602 2228 ipsa
617 2161 668 2205 res
687 2139 829 2225 aperiret.

163 2231 222 2296 IV.
248 2230 378 2298 Interim
386 2224 666 2320 Argiliusquidam
676 2232 937 2311 adolescentulus,
956 2254 1050 2317 quem
1060 2256 1136 2318 pue·
1156 2251 1168 2297 1

110 2348 182 2391 rum
199 2325 374 2392 Pausanias
403 2350 508 2392 amore
530 2350 663 2392 venereo
686 2327 849 2404 dilexerat,
878 2348 951 2391 cum
972 2327 1136 2412 epistolam
1209 2392 1215 2413 Ι

111 2419 151 2484 ab
170 2441 208 2483 eo
225 2420 265 2484 ad
283 2419 479 2484 Artabazum
497 2421 678 2506 accepisset,
698 2421 788 2504 eique
805 2420 839 2485 in
856 2419 1066 2506 suspicionem
1083 2443 1137 2485 ve-

110 2513 218 2591 nisset,
237 2513 355 2596 aliquid
367 2513 400 2576 in
413 2535 450 2578 ea
463 2513 503 2577 de
517 2536 551 2578 se
565 2536 635 2579 esse
650 2514 809 2599 scriptum,
821 2513 914 2596 quod
926 2535 1019 2578 nemo
1028 2536 1136 2583 eorum

109 2607 255 2682 redisset,
278 2607 333 2689 qui
356 2628 449 2692 super
470 2606 525 2673 tali
547 2629 662 2672 caussa
680 2607 790 2673 eodem
807 2607 896 2672 missi
914 2617 1010 2685 erant,
1033 2608 1137 2673 vincla

110 2699 261 2784 epistolae
274 2699 391 2765 laxavit
408 2701 561 2786 signoque
575 2702 714 2767 detracto
727 2701 883 2788 cognovit,
904 2701 930 2766 si
947 2700 1135 2787 pertulisset,

82 2846 86 2853 .
110 2792 172 2858 sibi
189 2815 259 2858 esse
276 2795 478 2879 pereundum.
507 2806 594 2860 erant
610 2795 643 2859 in
657 2796 766 2861 eadem
780 2795 921 2881 epistola,
940 2817 1021 2878 quae
1039 2795 1080 2860 ad
1098 2818 1135 2860 ea
1153 2821 1170 2868 2

107 2885 314 2972 pertinebant,
334 2909 415 2969 quae
431 2888 512 2952 inter
528 2892 636 2975 regem
647 2887 901 2970 Pausaniamque
915 2899 1134 2953 convenerant.

108 2981 167 3051 has
185 2979 237 3043 ille
254 2979 372 3046 litteras
391 2981 514 3067 ephoris
528 2983 663 3047 tradidit.
690 3005 755 3048 non
767 2991 815 3048 est
826 2982 1052 3068 praetereunda
1064 3005 1136 3068 gra·
1154 3009 1170 3054 3

108 3075 190 3139 vitas
208 3073 532 3141 Lacedaemoniorum
552 3077 613 3151 hoc
633 3077 712 3142 loco.
744 3100 817 3141 nam
834 3099 874 3141 ne
896 3075 989 3141 huius
1008 3077 1135 3160 quidem

107 3168 223 3233 indicio
240 3168 368 3254 impulsi
385 3180 468 3248 sunt,
488 3180 524 3235 ut
540 3170 731 3236 Pausaniam
749 3170 1056 3256 comprehenderent,
1080 3192 1135 3234 ne-

108 3283 170 3345 que
187 3263 274 3347 prius
288 3263 351 3328 vim
365 3263 575 3330 adhibendam
592 3264 789 3350 putaverunt,
808 3286 904 3348 quam
922 3285 955 3329 se
973 3263 1042 3348 ipse
1054 3262 1135 3328 indi-

108 3366 220 3421 casset.
247 3357 352 3442 itaque
369 3358 443 3446 huic
460 3360 564 3438 indici,
583 3361 660 3445 quid
676 3360 743 3446 fieri
756 3358 879 3436 bellent,
898 3370 1132 3445 praeceperunt.
1166 3433 1169 3439 ,

107 3448 217 3513 fanum
242 3450 381 3536 Neptuni
407 3461 455 3517 est
482 3453 630 3533 Taenari,
662 3455 747 3539 quod
772 3453 882 3519 violari
905 3453 996 3518 nefas
1021 3465 1133 3541 putant
1150 3458 1170 3521 4'

109 3539 234 3608 Graeci.
270 3567 307 3611 eo
329 3545 380 3611 ille
402 3546 661 3635 iudex-confugit
681 3549 715 3612 in
736 3569 851 3632 araque
870 3548 1019 3613 consedit.
1050 3548 1133 3614 hanc

106 3637 196 3702 iuxta
212 3637 315 3704 locum
337 3639 480 3705 fecerunt
497 3641 556 3706 sub
579 3650 673 3719 terra,
701 3665 741 3706 ex
758 3663 820 3726 quo
837 3652 945 3726 posset
962 3643 1076 3720 audiri,
1105 3644 1132 3708 si

106 3731 179 3814 quis
198 3731 274 3814 quid
290 3732 468 3816 loqueretur
485 3757 557 3799 cum
574 3735 708 3822 Argilio.
735 3737 798 3800 huo
811 3757 852 3799 ex
864 3735 988 3822 ephoris
1002 3736 1130 3820 quidam
1149 3754 1165 3801 o

107 3826 344 3893 descenderunt.
371 3828 555 3908 Pausanias,
575 3839 611 3895 ut
627 3832 755 3908 audivit,
773 3828 931 3917 Argilium
950 3831 1131 3916 confugisse

106 3921 139 3985 in
157 3944 258 3998 aram,
285 3924 483 4007 perturbatus
502 3925 588 3990 venit
605 3947 652 3990 eo.
687 3947 781 4009 quem
799 3948 870 3990 cum
888 3923 1061 4010 supplicem
1079 3924 1131 3989 dei

105 4013 226 4081 videret
246 4016 279 4080 in
301 4039 355 4082 ara
377 4018 551 4096 sedentem,
580 4018 714 4103 quaerit,
742 4041 872 4085 caussae
898 4016 974 4101 quid
1000 4017 1040 4082 sit
1065 4026 1130 4084 tarn
