2564 4410
362 235 399 291 Τ.
412 231 634 290 POMPONIUS
649 230 813 291 ATTICUS
1064 222 1107 288 89

77 363 141 429 tes,
173 358 325 434 quantum
356 349 472 435 potuit,
505 347 597 425 texit,
630 347 746 431 quibus
772 347 867 413 rebus
893 348 1104 435 indiguerunt,

78 445 208 511 adiuvit.
239 442 278 508 P.
296 465 373 512 vero
390 442 561 509 Volumnio
585 464 623 507 ea
640 441 757 520 tribuit,
780 452 815 507 ut
832 442 924 527 plura
941 466 961 508 a
978 454 1106 529 parente
1125 467 1142 512 4

78 538 234 626 proficisci
252 561 315 603 non
332 538 499 624 potuerint.
530 537 592 622 ipsi
610 547 716 601 autem
732 537 881 615 Fuluiae,
904 559 978 602 cum
999 537 1105 604 litibus

79 633 288 699 destinaretur
313 632 500 719 magnisque
525 628 696 695 terroribus
722 639 902 708 vexaretur,
929 641 1016 697 tanta
1038 632 1109 696 dili·

79 728 185 814 gentia
202 725 343 792 officium
362 748 455 791 suum
471 723 640 810 praestitit,
659 735 695 788 ut
712 723 833 789 nullum
850 724 905 790 illa
923 725 1035 790 stiterit
1052 748 1107 790 va·

79 820 253 885 dimonium
271 820 339 885 sine
348 818 466 896 Attico,
487 840 619 905 sponsor
633 817 774 883 omnium
790 840 895 883 rerum
908 818 1011 884 fuerit.
1029 819 1107 903 quin
1125 834 1146 889 5‘

79 914 184 992 etiam,
203 935 275 979 cum
291 913 346 978 illa
362 911 498 978 fundum
520 911 659 978 secunda
680 911 806 977 fortuna
823 912 952 978 emisset
971 912 1005 976 in
1022 912 1106 977 diem

79 1029 182 1092 neque
199 1017 272 1094 post
290 1007 499 1073 calamitatem
516 1027 679 1071 versuram
697 1005 801 1072 facere
817 1006 982 1091 potuisset,
1000 1006 1053 1071 ille
1071 1029 1106 1071 se

78 1102 265 1188 interposuit
285 1101 514 1187 pecuniamque
533 1100 600 1166 sine
621 1100 730 1166 fenore
748 1101 877 1184 sineque
895 1101 960 1165 ulla
976 1099 1107 1186 stipula-

79 1196 163 1260 tione
182 1195 322 1275 credidit,
340 1196 513 1260 maximum
531 1195 714 1260 existimans
733 1203 912 1278 quaestum,
935 1216 1106 1260 memorem

78 1299 266 1376 gratumque
288 1290 437 1376 cognosci
463 1289 619 1373 simulque
641 1288 776 1374 aperire,
804 1310 924 1354 senon
948 1287 1104 1365 fortunae,
1260 1371 1263 1377 Ι

79 1383 137 1448 sed
157 1383 338 1449 hominibus
362 1384 463 1450 solere
485 1406 557 1449 esse
578 1383 724 1448 amicum.
757 1405 838 1467 quae
860 1404 932 1448 oum
958 1381 1103 1462 faciebat,
1124 1406 1141 1452 a

77 1500 172 1544 nemo
189 1499 262 1543 eum
279 1479 429 1564 temporis
447 1500 562 1543 caussa
578 1479 683 1544 facere
699 1486 822 1564 poterat
840 1477 1028 1543 existimare.
1051 1500 1105 1544 ne·
1165 1394 1187 1559 f

78 1574 155 1638 mini
173 1575 257 1638 enim
278 1573 312 1636 in
329 1573 509 1658 opinionem
530 1573 691 1651 veniebat,
710 1572 886 1637 Antonium
903 1595 1008 1638 rerum
1024 1572 1105 1659 poti-

77 1679 193 1732 turum.
221 1666 278 1731 sed
291 1667 408 1732 sensim
425 1666 453 1731 is
468 1667 656 1732 anonnullis
670 1666 883 1752 optimatibus,
898 1666 1104 1732 familiaribus
1124 1689 1139 1734 r
1179 1710 1182 1715 -

77 1763 156 1839 eius,
174 1759 469 1847 reprehendebatur,
488 1761 574 1845 quod
591 1784 703 1847 parum
716 1761 822 1826 odisse
840 1761 940 1826 malos
959 1761 1043 1826 cives
1057 1762 1105 1825 vi-

77 1856 212 1921 deretur.
242 1855 295 1920 ille
317 1864 422 1920 autem
445 1855 495 1920 sui
516 1855 624 1920 iudicii
647 1855 752 1941 potius
771 1854 847 1939 quid
870 1853 1026 1919 sefacere
1047 1876 1105 1940 par
1139 1814 1160 1993 s

77 1959 162 2014 esset
179 1947 367 2028 intuebatur,
386 1972 482 2034 quam
499 1949 577 2033 quid
594 1949 647 2014 alii
663 1949 820 2014 laudaturi
837 1949 949 2013 forent.

128 2043 175 2108 X.
205 2041 368 2109 Conversa
386 2042 490 2109 subito
509 2044 636 2110 fortuna
653 2053 710 2109 est.
737 2053 773 2109 ut
789 2042 948 2109 Antonius
966 2043 1057 2108 rediit
1070 2043 1103 2107 in
1122 2064 1136 2111 1

76 2137 216 2216 Italiam,
243 2150 337 2203 nemo
361 2160 426 2203 non
451 2161 567 2225 magno
594 2139 626 2203 in
652 2137 792 2224 periculo
808 2137 953 2203 Atticum
978 2148 1103 2224 putarat
1165 2104 1188 2267 l

75 2241 203 2318 propter
219 2232 362 2297 intimam
379 2232 622 2299 familiaritatem
641 2232 802 2299 Ciceronis
821 2243 853 2298 et
869 2232 971 2297 Bruti.
996 2232 1102 2317 itaque
1121 2251 1137 2298 ι

76 2325 117 2390 ad
130 2325 301 2390 adventum
313 2327 536 2412 imperatorum
553 2327 594 2392 de
611 2326 680 2393 foro
698 2329 885 2404 decesserat,
904 2327 1017 2391 timens
1030 2348 1103 2411 pro-

77 2420 287 2506 scriptionem,
305 2421 485 2506 latebatque
499 2421 630 2508 apudP.
640 2422 856 2501 Volumnium,
875 2422 935 2500 oui,
953 2431 989 2486 ut
998 2430 1103 2487 osten·
1155 2450 1177 2568 p

75 2515 193 2594 dimus,
216 2516 405 2624 pauloe
333 2526 405 2599 apte
428 2527 558 2612 opemt
543 2516 740 2582 tttanulera
642 2516 753 2602 ttant(
741 2517 928 2581 tavarietas
951 2516 1037 2580 hist
1024 2526 1103 2581 t-em

74 2608 204 2696 poribus
230 2592 648 2690 fuittl'ortunae,11ttinodo
669 2611 717 2689 hi,
739 2611 834 2677 modo
855 2609 931 2674 illi
921 2634 956 2674 111
977 2633 1102 2675 summo

75 2712 182 2768 essent
195 2726 235 2768 au
236 2702 389 2791 fastigio
399 2728 440 2769 au
441 2704 629 2790 tperioulo),
648 2705 846 2789 habebatque
856 2702 1015 2787 secqu
1025 2701 1101 2769 Gel-

74 2796 153 2860 lium
173 2795 311 2876 Canum,
339 2799 502 2882 aequalem
525 2800 780 2882 simillimumque
803 2799 861 2864 sui.
893 2799 954 2863 hoc
975 2815 1136 2883 quoque3

76 2891 117 2955 sit
105 2876 234 2957 tAttici
254 2891 403 2959 bonitatis
427 2893 620 2978 exemplum,
640 2894 724 3002 quod
742 2915 815 2958 eum
833 2914 884 2970 eo,
908 2915 1003 2978 quem
1023 2916 1101 2979 pue-

74 3008 145 3050 rum
162 2986 195 3049 in
215 2987 290 3051 ludo
308 2996 472 3096 cognorat,
446 2988 574 3052 tadeo
592 2988 738 3053 coniunct
739 3009 756 3052 e
773 2986 865 3066 vixit,
888 2987 982 3052 trtad
1000 2997 1101 3052 extre·

75 3102 159 3143 mam
181 3090 251 3145 aeta
251 3089 315 3145 tem
337 3081 473 3146 amicitia
494 3103 603 3167 eqrum
631 3083 771 3147 ereverit.
750 3080 875 3145 tAnt
863 3082 967 3146 tonius
994 3090 1048 3145 aut
1049 3103 1100 3144 em
1117 3098 1134 3144 4

74 3172 134 3237 etsi
151 3183 238 3238 tanto
256 3172 344 3239 odio
350 3160 538 3240 ferebatur
529 3199 563 3239 m
568 3162 840 3252 Ciceronem&
805 3185 840 3239 ut
857 3198 921 3240 non
924 3169 1086 3239 solum
1059 3196 1097 3251 e1,

75 3266 131 3331 sed
149 3267 243 3331 etiam
261 3267 453 3333 omnibus
427 3291 493 3333 erus
512 3270 620 3334 amicis
639 3270 748 3334 esset
739 3269 884 3333 mimicus
899 3289 1016 3359 eosque
1033 3267 1099 3333 vel-

72 3359 117 3424 let
137 3363 346 3472 proscribere,
372 3362 479 3428 multis
500 3363 697 3429 hortantibus
724 3372 831 3428 tamen
851 3364 898 3426 At
885 3361 952 3426 ttici
978 3384 1107 3455 memor

72 3453 133 3518 fuit
151 3455 296 3522 officiiet
283 3458 351 3535 tei,
371 3478 442 3522 cum
455 3458 648 3542 requisisset,
626 3457 796 3522 tnbinam
814 3466 907 3536 esset,
927 3466 984 3522 sta
1001 3481 1098 3523 manu

73 3549 212 3635 scripsit,
238 3573 279 3617 ne
300 3552 423 3617 timeret
445 3553 612 3636 statimque
634 3552 674 3616 ad
697 3574 732 3617 se
753 3551 886 3630 veniret3
915 3574 949 3617 se
971 3574 1044 3618 eum
1066 3561 1097 3616 et

71 3641 156 3709 illius
179 3667 292 3713 caussa
311 3645 436 3713 Canum
457 3648 498 3711 de
519 3647 763 3733 proscriptorum
780 3669 911 3712 numero
929 3647 1094 3712 exemisse.

71 3759 109 3802 ac
126 3761 167 3805 ne
185 3741 270 3825 quod
286 3741 461 3826 periculum
478 3743 641 3820 incideret,
664 3740 749 3825 quod
770 3752 866 3806 noctu
882 3740 987 3819 fiebat,
1004 3761 1095 3825 prae-

72 3831 188 3898 sidium
206 3835 235 3900 ei
252 3836 346 3901 misit.
379 3837 425 3901 sio
442 3835 568 3901 Atticus
587 3838 620 3901 in
638 3858 761 3901 summo
784 3835 893 3901 timore
911 3857 974 3900 non
992 3834 1094 3899 solum
1114 3854 1131 3901 5

72 3925 146 4006 sibi,
170 3929 228 3994 sed
249 3930 344 3995 etiam
366 3932 409 4010 ei,
433 3954 527 4016 quem
546 3931 743 3996 carissimum
765 3930 914 4006 habebat,
936 3928 1094 4014 praesidio

69 4021 139 4087 fuit.
171 4025 376 4110 nequeenim
400 4048 475 4093 suae
494 4026 596 4093 solum
614 4049 635 4091 a
650 4047 809 4111 quoquam
831 4022 985 4089 auxilium
1006 4023 1095 4110 petiit
