2564 4410
510 272 721 333 HANNIBAL.
1090 265 1129 330 81

104 402 227 460 tantum
253 391 329 456 satis
354 389 491 456 habeant
517 411 552 455 se
578 388 754 454 defendere.
794 389 828 454 id
852 390 922 456 illos
949 389 1041 457 facile
1068 401 1132 457 s'er-

104 489 247 575 pentium
277 484 475 549 multitudine
507 492 740 549 consecuturos.
784 505 842 548 rex
871 493 976 549 autem
1007 486 1039 550 in
1069 508 1165 571 quas

104 603 185 647 nave
213 579 391 656 veheretur,
422 587 458 642 ut
484 577 612 656 scirent,
641 599 675 643 se
701 577 871 655 factmum3
902 600 997 662 quem
1023 580 1051 644 si
1077 589 1131 644 aut

105 675 263 762 cepissent
280 682 335 739 aut
351 671 593 751 interfecissent,
613 694 728 760 magno
745 672 794 738 his
812 673 976 759 pollicetur
992 676 1131 761 praemio

105 771 183 836 fore.

157 862 222 928 XI.
250 862 322 925 Tali
336 860 548 927 cohortatione
564 861 700 926 militum
716 859 801 926 facta
813 861 923 927 elassis
937 860 977 927 ab
991 863 1131 947 utrisque
1151 884 1164 928 r

105 959 139 1022 in
156 956 310 1044 proelium
327 956 500 1020 deducitur.
527 978 660 1041 quarum
674 955 740 1020 acie
754 956 931 1034 constituto,
948 957 1131 1042 priusquam

105 1052 233 1138 signum
249 1071 376 1137 pugnae
393 1051 532 1128 daretur,
551 1048 728 1127 Hannibal,
746 1059 781 1114 ut
797 1048 902 1135 palam
919 1049 1037 1117 faceret
1054 1050 1129 1128 suis,

107 1167 170 1230 quo
192 1145 262 1211 loco
279 1144 441 1211 Eumenes
460 1153 557 1221 esset,
581 1143 778 1210 tabellarium
799 1145 833 1209 in
851 1144 968 1230 scapha
989 1167 1063 1211 cum
1080 1167 1132 1211 ca·

105 1241 207 1305 duceo
229 1238 331 1304 mittit
366 1239 422 1323 qui
442 1237 498 1303 ubi
524 1238 565 1303 ad
591 1260 688 1303 naves
716 1238 965 1304 adversariorum
989 1240 1164 1325 pervenite

48 1344 50 1349 ’
109 1333 335 1420 epistolamque
354 1333 522 1399 ostendens
541 1355 576 1398 se
590 1355 705 1420 regem
722 1333 885 1420 professus
907 1342 956 1399 est
972 1355 1130 1418 quaerere,

111 1427 215 1492 statim
233 1426 273 1491 ad
290 1426 468 1491 Eumenem
485 1427 636 1492 deductus
660 1436 722 1506 est,
745 1428 831 1513 quod
847 1450 940 1493 nemo
957 1426 1130 1504 dubitabat,
1253 1446 1260 1459 ·

105 1522 184 1607 quin
197 1521 316 1605 aliquid
330 1522 369 1585 de
382 1543 460 1606 pace
474 1529 558 1586 esset
571 1523 730 1607 scriptum.
757 1521 935 1588 tabellarius
949 1522 1037 1588 ducis
1050 1545 1132 1587 nave

105 1615 264 1681 declarata
283 1615 348 1685 suis
366 1614 490 1692 eodem,
513 1614 598 1679 unde
620 1624 686 1679 erat
703 1636 865 1701 egressus,
889 1639 923 1682 se
940 1617 1067 1703 recepit.
1099 1628 1132 1680 at
1150 1633 1165 1680 3

105 1710 269 1774 Eumenes
288 1706 389 1772 soluta
407 1707 539 1793 epistola
556 1707 634 1772 nihil
650 1708 734 1773 inea
749 1710 895 1794 repperit,
914 1710 975 1774 nisi
992 1709 1078 1793 quod
1090 1711 1132 1774 ad

105 1802 300 1868 irridendum
317 1823 389 1865 eum
405 1801 581 1887 pertineret.
609 1802 697 1868 euius
716 1803 776 1866 etsi
789 1823 934 1868 caussam
951 1802 1130 1880 mirabatur,

107 1918 210 1981 neque
236 1894 461 1981 reperiebatur,
493 1905 598 1961 tamen
622 1896 776 1982 proelium
807 1897 913 1962 statim
939 1897 1131 1962 committere

106 2012 171 2055 non
197 1988 361 2054 dubitavit.
397 1987 509 2054 horum
535 1990 568 2054 iu
594 2011 749 2055 concursu
773 1990 916 2076 Bithynii
940 1989 1165 2057 Hannibalise

107 2092 274 2170 praecepto
296 2083 434 2147 universi
459 2105 572 2175 parem
593 2082 747 2149 Eumenis
770 2085 962 2150 adoriuntur.
997 2106 1132 2169 quorum

107 2177 173 2242 rim
197 2199 254 2241 rex
279 2198 352 2242 cunr
378 2176 531 2242 sustinere
557 2172 622 2243 non
642 2188 760 2265 posset,
788 2178 866 2266 fuga
889 2179 1022 2245 salutem
1043 2179 1130 2265 petit,

106 2293 204 2356 quam
219 2279 415 2336 consecutus
442 2293 506 2337 non
532 2280 628 2350 esset,
655 2272 717 2338 nisi
737 2273 819 2338 intra
841 2296 899 2339 sua
919 2273 1075 2359 praesidia
1097 2293 1132 2337 se

108 2364 287 2450 recepisset,
306 2365 432 2449 quaein
448 2364 591 2450 proximo
604 2365 693 2430 litore
706 2375 794 2432 erant
807 2366 966 2431 collocata.
993 2365 1131 2448 reliquae
1150 2387 1165 2433 5

108 2456 323 2544 Pergamenae
340 2479 437 2525 naves
456 2479 529 2522 cum
546 2458 741 2525 adversarios
758 2468 935 2546 premerent
952 2459 1064 2537 acrius,
1082 2480 1133 2524 re-

108 2561 202 2637 pente
219 2552 252 2617 in
269 2574 323 2617 eas
341 2574 418 2617 vasa
435 2552 551 2630 fictilia,
574 2553 614 2618 de
631 2553 746 2638 quibus
765 2575 861 2639 supra
877 2553 1068 2619 mentionem
1085 2552 1132 2617 fe-

107 2645 220 2724 cimus,
236 2645 347 2712 coniiei
359 2656 470 2732 coepta
479 2656 561 2713 sunt.
588 2667 669 2732 quae
682 2648 764 2713 iacta
777 2647 864 2714 initio
878 2648 976 2713 risum
988 2669 1132 2734 pugnan-
1246 2696 1249 2701 .

108 2738 193 2805 tibus
212 2739 413 2818 concitarunt,
432 2762 547 2826 neque,
567 2762 663 2825 quare
680 2742 714 2807 id
730 2742 832 2820 fieret,
850 2750 972 2828 poterat
988 2740 1130 2827 intelligi.

108 2842 275 2919 postquam
284 2843 389 2899 autem
398 2857 494 2900 noves
503 2834 674 2920 completas
684 2843 915 2921 conspexerunt
923 2833 1130 2920 serpentibus,
1150 2855 1165 2902 e

108 2949 192 2991 nova
207 2949 241 2992 re
262 2928 430 3012 perterriti,
453 2950 526 2994 eum
543 2929 620 3014 quid
635 2929 835 3015 potissimrmr
855 2928 989 2993 vitarent
1005 2950 1070 2993 non
1086 2929 1134 2992 vi-

105 3021 231 3099 derent,
249 3042 371 3107 puppes
389 3030 548 3087 verterunt
562 3044 660 3107 seque
682 3022 723 3088 ad
745 3046 803 3088 sua
820 3033 922 3088 castra
943 3022 1068 3087 nautica
1084 3043 1134 3086 re-

107 3113 255 3179 tulerunt.
283 3115 329 3180 sie
337 3113 499 3182 Hannibal
517 3117 646 3183 oonsilio
665 3140 751 3182 arma
759 3116 1027 3204 Pergamenorum
1040 3137 1132 3200 supe·
1152 3136 1165 3182 7

108 3209 199 3287 ravit,
218 3231 320 3294 neque
337 3220 405 3275 tum
419 3211 530 3289 solum,
551 3212 607 3277 sed
621 3233 715 3297 saepe
729 3212 806 3276 alias
823 3210 1020 3297 pedestribus
1034 3206 1131 3294 copiis

108 3304 178 3389 pari
194 3304 359 3388 prudentia
375 3305 496 3390 pepulit
512 3305 718 3371 adversarios.
936 3313 938 3315 ’

98 3412 100 3419 ·
161 3397 244 3462 ΧΠ.
277 3397 368 3481 Quae
394 3398 471 3463 dum
495 3399 528 3464 in
545 3399 627 3465 Asia
652 3408 815 3486 geruntur,
843 3398 956 3464 accidit
981 3418 1071 3476 casu,
1098 3408 1164 3467 ut1

108 3491 206 3578 legati
223 3491 355 3580 Prusiae
363 3492 484 3558 Romae
502 3495 587 3580 apud
602 3495 644 3559 1..
656 3493 821 3576 Quintium
829 3492 1041 3557 Flamininum
1059 3515 1133 3558 con·

110 3585 247 3652 sularem
268 3596 434 3652 coenarent
452 3597 544 3672 atque
561 3587 606 3654 ibi
623 3588 662 3653 de
679 3587 859 3653 Hannibale
876 3587 1032 3653 mentione
1050 3587 1133 3651 facta

105 3702 151 3744 ex
163 3679 214 3745 his
226 3703 309 3747 unus
324 3680 449 3760 diceret,
468 3704 541 3747 eum
552 3681 586 3746 in
594 3681 726 3747 Prusiae
739 3703 837 3768 regno
850 3703 930 3746 esse.
957 3681 990 3745 id
1007 3690 1131 3765 postero
1151 3702 1165 3749 2

107 3774 161 3840 die
170 3773 366 3842 Flamininus
386 3777 507 3843 senatui
520 3777 638 3843 detulit.
665 3785 770 3862 patres
785 3776 961 3862 conscripti,
980 3773 1134 3858 quiHan-

109 3868 215 3934 nibale
228 3871 301 3936 vivo
314 3895 485 3957 numquam
499 3894 534 3938 se
553 3872 619 3938 sine
632 3871 754 3936 insidiis
772 3871 895 3938 futuros
908 3870 1131 3946 existimarent,

109 3961 231 4050 legatos
249 3964 283 4028 in
296 3964 479 4052 Bithyniam
496 3966 657 4044 miserunt,
675 3965 708 4030 in
725 3965 774 4032 his
784 3964 1006 4041 Flamininum,
1025 3963 1080 4046 qui
1093 3963 1132 4028 ab

162 4064 275 4109 Cornelios
289 4063 369 4121 Nepos.
905 4065 922 4119 6
