2564 4410
469 261 771 320 THnrnsrocLES.
1113 251 1131 314 7

106 381 214 448 erexit.
250 403 326 445 nam
348 401 420 444 cum
441 378 626 455 iudicasset,
654 377 721 442 sine
748 398 871 442 summa
892 377 1047 443 industria
1067 401 1132 443 non

106 497 202 564 posse
224 497 294 540 eam
317 473 489 559 exstingui,
513 481 614 538 totum
632 476 666 537 s'e
684 472 803 537 dedidit
818 472 864 536 rei
880 472 1039 558 publicae,
1062 473 1133 537 dili·

103 571 232 659 gentius
250 570 359 636 amicis
377 568 543 652 famaeque
557 567 707 633 serviens.
734 567 866 633 multum
883 567 917 631 in
928 566 1052 632 iudiciis
1069 569 1133 653 pri-

105 666 187 731 vatis
200 662 392 741 versabatur,
408 684 502 748 saepe
516 663 549 726 in
558 663 735 727 contionem
747 661 856 747 populi
869 660 1028 747 prodibat3
1046 662 1133 727 nulla

104 782 157 825 res
174 759 275 824 maior
293 757 360 823 sine
382 779 420 822 eo
442 756 621 844 gerebatur,
649 755 803 833 celeriter,
830 777 910 840 quae
932 777 1012 842 opus
1035 765 1131 835 erant,

104 851 289 940 reperiebat,
309 851 400 917 facilc
415 853 525 916 eadem
543 850 682 916 oratione
696 848 880 935 explicabat
912 872 1015 934 neque
1028 851 1132 916 minus
1150 870 1167 916 4
1233 896 1239 925 ,

105 950 139 1013 in
156 947 251 1014 rebus
268 947 413 1034 gerendis
431 954 594 1032 promptus
613 967 708 1029 quam
726 944 940 1031 excogitandis
955 953 1029 1021 erat,
1049 945 1134 1029 quod

106 1051 139 1106 et
156 1041 196 1106 de
213 1039 417 1116 instantibus,
440 1048 475 1104 ut
492 1040 536 1104 ait
554 1039 772 1124 Thucydides,
795 1039 958 1104 verissime
975 1037 1134 1110 iudicabat

106 1145 139 1200 et
156 1136 196 1200 de
218 1134 332 1199 futuris
355 1133 556 1198 callidissime
579 1131 771 1197 coniiciebat.
805 1153 868 1215 quo
885 1132 1006 1197 factum
1023 1142 1080 1210 est,
1099 1142 1135 1197 ut

105 1229 196 1296 brevi
213 1238 353 1314 tempore
371 1227 586 1293 illustraretur.

158 1323 203 1388 H.
229 1321 358 1387 Primus
372 1331 477 1387 autem
490 1322 607 1408 gradus
622 1319 683 1384 fuit
700 1312 911 1406 capessendae
928 1319 1134 1406 reipublicae
1154 1340 1166 1385 1

106 1417 189 1482 bello
209 1415 397 1502 Corcyraeo,
420 1416 462 1480 ad
479 1417 565 1500 quod
587 1415 759 1502 gerendum
772 1424 901 1500 'praetor
918 1438 938 1479 a
954 1415 1070 1501 populo
1088 1415 1135 1479 fa—

106 1522 176 1577 ctus
194 1535 258 1577 non
272 1511 373 1576 solum
391 1511 550 1595 praesenti
566 1510 659 1588 bello,
679 1510 843 1575 sedetiam
859 1509 980 1594 reliquo
994 1522 1135 1595 tempore
1192 1506 1199 1539 ’·

107 1606 293 1670 ferociorem
314 1605 449 1670 reddidit
471 1604 638 1667 civitatem.
666 1626 741 1667 nam
758 1624 831 1668 cum
847 1604 981 1689 pecunia
998 1603 1133 1689 publica,
1153 1621 1167 1667 2

106 1721 189 1783 quae
207 1721 247 1762 ex
264 1696 398 1761 metallis
416 1695 547 1774 redibat,
565 1696 730 1783 largitione
747 1698 986 1783 magistratuum
1004 1707 1136 1782 quotan-

107 1794 158 1856 nis
180 1792 332 1868 interiret‚
356 1790 408 1855 ille
429 1790 586 1876 persuasit
607 1790 738 1876 populo,
760 1798 797 1854 ut
818 1812 856 1855 ea
872 1792 1006 1876 pecunia
1023 1791 1134 1856 classis

107 1896 234 1950 centum
246 1884 374 1950 navium
388 1884 611 1950 aedificaretur.
639 1906 720 1968 quae
729 1884 870 1949 celeriter
878 1883 990 1948 effecta
998 1885 1134 1970 primum
1153 1900 1168 1947 3

108 1980 303 2066 Corcyraeos
314 1979 417 2066 fregit,
437 1980 549 2044 deinde
559 1978 731 2043 maritimos
740 1979 915 2064 praedones
925 1980 1134 2044 consectando

107 2097 194 2139 mare
208 2083 310 2138 tutum
318 2073 461 2138 reddidit.
488 2073 593 2157 inquo
603 2095 675 2138 cum
684 2072 801 2137 divitiis
815 2073 945 2150 ornavit,
960 2081 1027 2136 tum
1041 2073 1136 2137 etiam

106 2168 313 2254 peritissimos
331 2167 405 2232 belli
417 2167 538 2232 navalis
557 2167 631 2254 fecit
640 2164 862 2232 Athenienses.
889 2166 923 2230 id
936 2176 1070 2250 quantae
1085 2189 1135 2232 sa·
1152 2185 1169 2230 4
1262 2176 1266 2187 '

107 2263 165 2327 luti
183 2262 277 2327 fuerit
293 2263 458 2328 universae
473 2260 635 2341 Graeciae,
653 2261 737 2328 bello
755 2262 916 2348 cognitum
934 2271 982 2326 est
994 2260 1133 2327 Persico.

106 2381 181 2423 nam
199 2380 272 2422 cum
284 2357 411 2423 Xerxes
430 2367 461 2423 ct
478 2358 557 2422 mari
574 2367 605 2422 et
622 2366 705 2422 terra
721 2357 846 2437 bellum
857 2357 1022 2420 universae
1040 2355 1135 2420 infer-
1177 2349 1179 2352 ’

105 2462 155 2517 ret
171 2452 319 2537 Europae
341 2473 414 2516 cum
434 2451 530 2516 tantis
552 2451 666 2536 copiis,
693 2460 827 2535 quantas
849 2472 952 2534 neque
979 2459 1050 2514 ante
1076 2472 1135 2515 nec
1237 2526 1241 2535 Ι

106 2555 179 2632 post
197 2568 235 2610 ea
251 2543 362 2610 habuit
378 2544 559 2629 quisquam:
577 2544 672 2608 huius
691 2544 774 2609 enim
797 2545 907 2610 classis
925 2543 1010 2609 mille
1025 2550 1060 2608 'et
1072 2545 1135 2619 du·
1153 2561 1167 2608 5

107 2648 268 2729 centarurn
290 2638 418 2703 navium
438 2637 605 2726 longarum
627 2637 701 2716 suit,
725 2661 819 2723 quam
842 2639 904 2703 duo
922 2638 1009 2702 milia
1027 2660 1135 2702 onera-

106 2733 225 2797 riarum
243 2732 461 2816 sequebantur,
480 2742 640 2798 terrestres
659 2741 763 2798 autem
782 2733 936 2797 exercitus
956 2732 1135 2818 septingen-

107 2836 211 2891 torum
228 2824 384 2912 peditum,
407 2827 548 2911 equitum
570 2826 869 2913 quadringentorum
890 2826 976 2891 milia
993 2825 1133 2889 fuerunt:

104 2920 198 2984 cuius
217 2921 256 2984 de
274 2921 411 2986 adventu
429 2943 502 2985 cum
519 2920 605 2986 sama
621 2920 654 2985 in
669 2919 836 2986 Graeciam
854 2929 939 2986 esset
955 2920 1083 3010 perlata,
1103 2929 1134 2984 et
1153 2938 1166 2986 c

106 3014 244 3078 maxime
262 3013 473 3080 Athenienses
491 3015 556 3100 peti
574 3015 750 3080 dicerentur
766 3025 894 3101 propter
909 3037 1049 3101 pugnam
1062 3013 1135 3078 Ma-

106 3107 292 3186 rathoniam,
307 3108 610 3195 miseruntDelphos
624 3110 811 3187 consultum,
831 3109 982 3193 quidnam
995 3108 1135 3173 facerent

106 3201 259 3268 derebus
283 3202 358 3268 suis.
394 3202 638 3269 deliberantibus
660 3202 778 3290 Pythia
798 3204 972 3290 respondit,
995 3212 1031 3267 ut
1047 3223 1134 3266 moe-

107 3296 201 3361 nibus
218 3297 331 3384 ligneis
350 3319 384 3362 se
399 3298 564 3363 munirent.
590 3298 624 3362 id
636 3319 824 3383 responsum
838 3319 900 3380 quo
914 3296 1041 3374 valeret,
1060 3317 1133 3360 cum
1152 3317 1165 3362 7

107 3391 295 3477 intelligeret
311 3413 418 3470 nemo,
442 3392 671 3457 Themistocles
689 3392 859 3478 persuasit,
879 3391 1043 3455 consilium
1062 3412 1132 3455 csse

109 3483 279 3569 Apollinis,
298 3495 333 3551 ut
350 3487 383 3551 in
400 3509 496 3553 naves
521 3508 554 3551 se
573 3509 692 3570 suaque
710 3486 899 3552 conferrent:
922 3508 994 3550 eum
1012 3485 1096 3550 enim
1113 3509 1133 3548 a

108 3578 168 3640 deo
191 3579 359 3665 significari
381 3603 506 3646 murum
523 3582 673 3669 ligneum.
705 3581 760 3646 tali
778 3580 906 3646 consilio
928 3580 1059 3667 probato
1077 3581 1165 3647 ad-8

107 3671 188 3735 dunt
205 3674 244 3737 ad
263 3675 439 3760 superiores
457 3677 586 3740 totidem
603 3699 700 3741 naves
719 3676 860 3741 triremes
880 3697 998 3760 suaque
1016 3673 1130 3750 omnia,

105 3788 190 3850 quae
220 3770 339 3833 move'ri
370 3779 527 3855 poterant,
554 3771 668 3856 partim
696 3768 870 3847 Salamina,
897 3764 1011 3855 partim
1034 3767 1159 3831 Troe·

106 3882 186 3926 zena
204 3861 381 3946 deportant3
409 3886 513 3929 arcem
536 3864 749 3930 sacerdotibus
772 3864 942 3950 paucisque
960 3858 1129 3926 maioribus

105 3964 182 4113 nultiu
212 3977 250 4020 ac
278 3978 366 4023 sacra
395 3959 592 4046 procuranda
621 3959 764 4037 tradunt,
795 3958 949 4041 'reliquum
981 3954 1129 4041 oppidum

105 4071 139 4113 re
165 4062 295 4135 nquunt.
