2564 4410
516 267 756 327 sensualis-
1097 260 1138 325 57

115 412 154 454 eo
166 387 363 474 potissimum
376 386 483 452 hostes
493 385 803 470 impetumfacturos,
822 406 931 451 omnes
947 408 1020 451 suas
1031 389 1138 473 copias

115 505 152 547 eo
179 489 383 547 contraxerat.
420 489 452 545 at
473 478 644 566 Agesilaus
671 479 705 543 in
725 477 900 565 Phrygiam
926 501 961 544 se
987 483 1139 546 convertit
1157 502 1173 549 2
1239 498 1244 509 '

115 599 246 660 eamque
260 576 347 662 prius
361 574 568 661 depopulatus
582 584 639 651 est,
659 596 754 658 quam
762 574 991 660 Tissaphernes
1005 598 1138 660 usquam
1255 592 1259 605 ¹

115 693 150 736 se
167 679 316 736 moveret.
342 692 459 755 magna
474 668 592 753 praeda
604 668 755 733 militibus
769 666 964 754 locupletatis
974 668 1139 755 Ephesum

88 792 91 796 ·
114 765 288 830 hiematum
311 763 481 828 exercitum
503 763 628 827 reduxit
649 770 743 845 atque
760 762 805 827 ibi
828 762 962 847 officinis
981 786 1139 829 armorum

114 859 264 924 institutis
276 880 402 944 magna
422 857 577 922 industria
598 856 716 922 bellum
739 858 917 943 apparavit.
943 866 974 922 et
991 878 1054 942 quo
1073 867 1139 922 stu-

116 953 234 1017 diosius
253 961 446 1016 armarentur
466 951 684 1037 insigniusque
702 960 892 1029 ornarentur,
911 953 1051 1036 praemia
1067 973 1139 1037 pro-
1236 1033 1239 1039 ¹

114 1046 229 1130 posuit,
250 1045 364 1129 quibus
384 1045 586 1121 donarentur,
609 1065 742 1127 quorum
760 1045 888 1130 egregia
904 1047 938 1109 in
955 1068 996 1110 ea
1009 1068 1044 1110 re
1061 1045 1141 1109 fuis-
1259 1038 1263 1049 ’

115 1150 164 1204 set
180 1140 342 1204 industria.
370 1139 446 1203 fecit
462 1139 597 1209 idemin
615 1138 871 1221 exercitationum
887 1139 1070 1226 generibus,
1093 1149 1137 1218 ut,
1158 1160 1174 1205 3
1198 1210 1202 1217 ,

115 1233 170 1316 qui
188 1233 298 1298 ceteris
315 1233 558 1318 praestitissent,
577 1254 631 1298 eos
648 1233 773 1318 magnis
791 1232 930 1297 afficeret
947 1233 1138 1298 muneribus.

114 1327 164 1392 his
182 1327 278 1414 igitur
294 1326 388 1392 rebus
407 1326 524 1403 effecit,
547 1335 583 1390 ut
601 1336 632 1390 et
649 1327 883 1392 amatissimum
901 1336 932 1391 et
950 1326 1141 1396 exercitatis-

117 1420 230 1484 simum
247 1419 377 1485 haberet
393 1421 573 1484 exercitum.
601 1419 675 1483 huic
693 1441 766 1484 cum
788 1429 913 1505 tempus
931 1429 1015 1485 esset
1035 1421 1140 1485 visum
1158 1441 1175 1486 4

115 1515 221 1598 copias
245 1513 407 1578 extrahere
429 1535 469 1577 ex
486 1513 710 1591 hibernaculis,
733 1514 820 1592 vidit,
845 1514 881 1592 si,
900 1536 962 1597 quo
981 1523 1065 1579 esset
1081 1514 1140 1578 iter

114 1607 265 1684 facturus,
284 1607 390 1691 palam
398 1607 639 1691 pronuntiasset,
658 1606 766 1675 hostes
784 1629 848 1672 non
858 1609 1029 1673 credituros
1047 1608 1140 1672 alias-

114 1723 177 1784 que
202 1702 346 1786 regiones
377 1700 541 1785 praesidiis
568 1711 774 1785 occupaturos
800 1723 902 1785 neque
933 1702 1137 1778 dubitaturos,

114 1794 285 1858 aliudesse
302 1793 460 1859 facturum
473 1816 511 1859 ac
523 1795 766 1879 pronuntiasset.
793 1795 898 1878 itaque
912 1816 985 1860 oum
1001 1796 1054 1859 ille
1065 1793 1140 1860 Sar-
1158 1816 1175 1860 o

114 1888 162 1952 dis
184 1888 302 1952 iturum
323 1910 357 1952 se
376 1888 516 1965 dixisset,
535 1888 763 1974 Tissaphernes
787 1888 918 1953 eandem
937 1887 1064 1954 Cariam
1085 1889 1140 1952 dess

112 1982 304 2047 sentiendam
329 1984 460 2069 putavit.
500 1984 533 2047 in
559 2004 622 2066 quo
649 2005 721 2048 cum
747 2005 819 2047 eum
846 1983 950 2068 opinio
975 1981 1140 2048 fefellisset

112 2077 293 2160 victumque
316 2099 350 2143 se
367 2077 499 2142 vidisset
520 2077 664 2155 consilia,
688 2099 758 2142 sero
777 2077 842 2141 suis
860 2077 1017 2162 praesidio
1034 2075 1139 2161 profe-

113 2180 183 2234 ctus
206 2179 262 2234 est.
299 2194 374 2235 nam
396 2193 467 2236 cum
490 2171 544 2236 illo
566 2172 718 2249 venisset,
746 2171 810 2235 iam
832 2169 1004 2257 Agesilaus
1030 2170 1137 2235 multis

113 2264 190 2328 locis
209 2265 395 2351 expugnatis
413 2289 529 2352 magna
547 2275 617 2332 erat
632 2265 752 2351 praeda
768 2265 896 2350 potitus.
914 2265 1005 2329 Laco
1023 2273 1136 2342 autem,
1157 2285 1174 2332 o

113 2380 186 2423 cum
203 2359 323 2427 videret
339 2359 446 2424 hostes
461 2359 601 2443 equitatu
619 2381 775 2444 superare,
794 2379 967 2441 numquam
979 2358 1012 2422 in
1026 2380 1138 2443 campo

113 2452 162 2517 sui
180 2451 255 2517 fecit
272 2461 460 2537 potestatem
482 2463 513 2517 et
534 2454 573 2518 iis
591 2453 668 2518 locis
687 2475 815 2516 manum
833 2452 1003 2528 conseruit,
1022 2452 1137 2535 quibus

111 2546 184 2632 plus
202 2546 363 2630 pedestres
383 2547 490 2632 copiae
508 2547 657 2611 valerent.
684 2546 806 2631 pepulit
823 2568 907 2632 ergo,
926 2545 1139 2631 quotiescum-

111 2661 175 2723 que
192 2662 381 2726 congressus
404 2649 466 2718 est,
489 2641 588 2705 multo
606 2641 739 2705 maiores
758 2641 1006 2706 adversariorum
1028 2640 1136 2725 copias

112 2742 144 2797 et
166 2733 211 2798 sic
233 2733 266 2796 in
283 2732 365 2799 Asia
386 2744 528 2799 versatus
552 2744 609 2813 est,
637 2729 672 2798 ut
698 2735 838 2799 omnium
864 2734 1012 2819 opinione
1038 2733 1138 2797 victor
1226 2786 1231 2794 .

111 2827 286 2892 duceretur.

163 2921 222 2986 IV.
250 2921 315 2987 Hic
333 2946 404 2987 cum
421 2923 485 2988 iam
503 2924 607 2988 animo
625 2923 827 2988 meditaretur
843 2922 1000 3008 proficisci
1017 2921 1136 2987 inPer-
1156 2943 1168 2987 r

111 3040 164 3082 sas
183 3026 214 3081 et
230 3019 336 3103 ipsum
356 3040 464 3104 regem
482 3018 605 3096 adoriri,
628 3019 756 3084 nuntius
780 3020 809 3084 ei
826 3019 919 3083 domo
930 3018 1022 3083 venit
1039 3018 1137 3102 epho-
1218 3038 1247 3087 'a

110 3133 216 3176 rorum
242 3112 356 3190 missu,
388 3113 505 3178 bellum
527 3112 740 3180 Athenienses
767 3124 799 3179 et
819 3114 957 3179 Boeotos
983 3113 1135 3177 indixisse

109 3206 386 3286 Lacedaemoniis3
412 3228 509 3290 quare
534 3209 640 3274 venire
665 3231 706 3273 ne
734 3207 897 3272 dubitaret.
925 3208 967 3279 ,in
989 3206 1049 3271 hoc
1070 3221 1169 3271 nonu

76 3327 79 3332 ·
110 3301 213 3364 minus
227 3302 294 3366 eius
308 3301 408 3386 pietas
427 3302 626 3387 suspicienda
639 3312 688 3367 est
705 3325 800 3386 quam
814 3300 912 3366 virtus
926 3300 1051 3365 bellica:
1069 3301 1133 3384 qui,

110 3415 182 3458 cum
199 3396 309 3460 victori
326 3394 487 3481 praeesset
505 3397 654 3461 exercitui
666 3397 898 3480 maximamque
912 3395 1041 3460 haberet
1053 3396 1135 3482 fidu-

110 3486 191 3551 ciam
211 3490 301 3574 regni
319 3487 489 3554 Persarum
509 3491 666 3576 potiundi,
689 3501 776 3556 tanta
796 3490 951 3555 modestia
972 3489 1055 3555 dicto
1078 3513 1133 3555 au-

109 3580 200 3644 diens
222 3582 282 3647 fuit
303 3583 399 3649 iussis
417 3583 595 3649 absentium
611 3585 866 3671 magistratuum,
888 3593 924 3649 ut
942 3583 969 3648 si
990 3584 1130 3668 privatus

107 3675 142 3738 in
160 3675 284 3740 comitio
307 3687 391 3742 esset
410 3675 552 3762 Spartae.
585 3679 674 3744 cuius
693 3678 872 3763 exemplum
893 3678 1013 3742 utinam
1033 3677 1133 3761 impe-

106 3778 227 3834 ratores
244 3771 343 3835 nostri
360 3773 450 3856 sequi
467 3772 654 3837 voluissentl
682 3773 739 3838 sed
755 3772 829 3836 illuc
846 3771 1021 3836 redeamus.
1043 3767 1132 3855 Age·
1151 3787 1168 3833 3
1264 3816 1267 3821 -

108 3863 205 3928 silaus
225 3863 461 3948 opulentissimo
478 3888 577 3952 regno
594 3866 775 3952 praeposuit
792 3866 909 3932 bonam
926 3863 1140 3928 existimatio.

106 3981 179 4023 nem
197 3959 357 4043 multoque
375 3962 542 4047 gloriosius
561 3962 659 4039 duxit,
678 3962 706 4027 si
720 3961 869 4027 institutis
883 3957 1132 4044 patriasparuis-

106 4062 168 4132 set,
196 4076 292 4139 quam
314 4052 341 4120 si
362 4053 445 4122 bello
467 4064 647 4143 superasset
668 4055 791 4122 Asiam.
827 4054 887 4120 hac
908 4052 1004 4139 igitur
1026 4061 1132 4117 mente
1149 4066 1170 4109 a
