2564 4410
474 264 757 324 EPAMINONDAS.
1085 256 1125 320 51

108 383 209 448 dendo
225 381 462 468 Epaminondas
482 403 553 445 cum
572 381 611 445 de
629 379 739 444 ceteris
756 389 942 464 perorasset,
960 390 1127 466 postquam

108 478 148 543 ad
164 477 219 542 illa
235 477 297 540 duo
311 474 477 560 opprobria
489 474 639 558 pervenit,
658 471 804 538 admirari
822 497 856 539 se
869 474 948 538 dixit
966 475 1127 539 stultitiam

107 570 238 635 rhetoris
259 567 373 645 Attici,
396 566 450 651 qui
471 590 535 632 non
557 567 822 643 animadverterit,
849 567 1029 633 innocentes
1055 568 1126 633 illos

107 673 197 728 natos
219 661 319 739 domi,
346 661 462 725 scelere
485 660 624 725 admisso
646 681 718 724 cum
743 659 844 746 patria
866 670 971 725 essent
987 661 1125 746 expulsi,
1201 701 1203 704 -
1254 692 1257 701 ·

106 764 248 841 receptos
275 776 355 819 esse·
371 752 412 819 ab
432 750 691 818 Atheniensibus.
728 753 785 817 sed
806 752 943 817 maxime
969 753 1036 818 eius
1057 755 1127 824 elo·
1144 776 1160 823 4

107 848 234 933 quentia
259 847 356 912 eluxit
378 844 512 932 Spartae
537 846 632 932 legati
659 856 730 911 ante
755 868 895 932 pugnam
916 847 1125 911 Leuctricam.

107 966 171 1026 quo
197 964 268 1006 cum
294 941 434 1005 omnium
461 940 616 1005 sociorum
642 941 861 1005 convenissent
884 940 994 1027 legati,
1022 962 1126 1005 coram

107 1035 358 1120 frequentissimo
372 1033 564 1119 legationum
578 1043 732 1099 conventu
751 1034 1127 1099 sicLacedaemoniorum

108 1129 303 1214 tyrannidem
317 1127 467 1214 coarguit,
481 1137 517 1191 ut
529 1150 593 1192 non
601 1126 704 1192 minus
718 1126 772 1191 illa
781 1128 919 1192 oratione
929 1150 1004 1213 opes
1019 1150 1127 1193 eorum

107 1222 300 1288 concusserit
325 1244 420 1306 quam
437 1220 606 1286 Leuctrica
630 1243 747 1307 pugna.
783 1229 849 1284 tum
876 1220 959 1284 enim
984 1221 1124 1306 perfecit,

107 1316 193 1400 quod
217 1324 289 1401 post
314 1315 470 1401 apparuit,
496 1323 532 1379 ut
557 1314 673 1381 auxilio
700 1314 944 1421 Lacedaemonii
971 1314 1126 1380 sociorum

107 1410 310 1496 privarentur.

158 1504 234 1569 VII.
264 1504 380 1568 Fuisse
405 1502 576 1588 patientem
601 1501 1158 1586 suonrmquejniuriasjercrrtemr

108 1598 236 1674 civium,
265 1597 350 1680 quod
372 1619 406 1661 se
431 1597 549 1681 patriae
570 1597 663 1661 irasci
680 1597 770 1661 nefas
793 1619 863 1662 esse
881 1597 1021 1676 duceret,
1048 1597 1127 1662 haec
1247 1618 1250 1625 ·

108 1699 181 1755 sunt
198 1689 384 1754 testimonia.
419 1711 490 1753 cum
508 1711 581 1754 eum
601 1699 728 1775 propter
744 1690 894 1753 invidiam
912 1691 997 1755 cives
1015 1691 1127 1776 praefi-

108 1806 178 1848 cere
196 1783 344 1847 excrcitui
360 1782 547 1860 noluissent,
570 1782 697 1867 duxque
715 1792 799 1847 essct
816 1782 955 1847 delectus
977 1783 1051 1848 belli
1068 1785 1127 1847 im-

107 1877 240 1963 peritus,
259 1875 348 1940 cuius
367 1898 468 1941 errore
487 1898 524 1941 eo
543 1878 626 1941 esset
644 1876 777 1941 deducta
793 1876 847 1941 illa
863 1876 1029 1940 multitudo
1046 1876 1127 1940 mili-

107 1981 188 2047 tum,
215 1979 250 2034 ut
272 1993 382 2035 omnes
404 1972 443 2035 de
466 1971 565 2036 salute
586 1971 854 2057 pertimescerent,
882 1971 966 2054 quod
987 1970 1127 2035 locorum

107 2063 260 2149 angustiis
275 2063 372 2129 clausi
386 2063 426 2129 ab
439 2064 582 2129 hostibus
592 2064 824 2142 obsidebantur,
835 2064 1003 2128 desiderari
1017 2072 1126 2149 coepta

108 2168 155 2221 est
163 2157 401 2242 Epaminondae
415 2158 583 2245 diligentia.
611 2167 676 2223 erat
690 2158 773 2222 enim
786 2158 830 2223 ibi
842 2158 982 2244 privatus
996 2180 1125 2222 numero
1143 2174 1158 2220 a

108 2251 223 2315 militis.
251 2273 345 2334 aquo
359 2274 431 2316 cum
449 2254 590 2338 peterent
603 2274 704 2336 opem,
722 2251 840 2316 nullam
855 2251 995 2316 adhibuit
1008 2273 1127 2316 memo-

106 2345 184 2408 riam
199 2345 403 2409 contumeliae
417 2354 448 2409 et
461 2344 632 2410 exereitum
644 2344 806 2409 obsidione
818 2344 983 2408 liberatum
997 2344 1126 2408 domum

106 2437 231 2502 reduxit
247 2439 444 2503 incolumem.
471 2460 573 2522 neque
590 2460 664 2502 vero
686 2437 746 2502 hoc
764 2436 860 2502 semel
877 2438 959 2515 fecit,
983 2438 1039 2502 sed
1058 2459 1126 2502 sae-

106 2532 187 2616 pius.
227 2530 364 2596 maxime
390 2542 494 2596 autem
524 2531 583 2595 suit
608 2531 742 2607 illustre,
775 2553 847 2595 cum
872 2530 1158 2616 Peloponnesum3

107 2624 277 2689 exercitum
300 2624 442 2691 duxisset
467 2626 618 2690 adversus
640 2624 909 2690 Lacedaemonios
935 2624 1125 2708 haberetque

107 2719 243 2804 collegas
262 2719 355 2796 duos,
378 2740 511 2802 quorum
532 2719 610 2784 alter
627 2729 692 2784 erat
708 2719 892 2803 Pelopidas,
915 2718 964 2782 vir
980 2718 1069 2783 fortis
1088 2741 1126 2782 ac

108 2821 262 2875 strenuus.
288 2811 407 2876 hicum
422 2812 602 2878 criminibus
616 2812 863 2876 adversariorum
876 2833 984 2876 omnes
1001 2810 1035 2875 in
1046 2811 1126 2875 invi-

108 2904 192 2969 diam
209 2905 377 2982 venissent,
397 2904 437 2970 ob
452 2927 583 2988 eamque
599 2926 667 2968 rem
683 2904 848 2990 imperium
865 2903 915 2968 his
934 2914 1017 2969 esset
1034 2903 1125 2969 abro-

106 3006 225 3083 gatum,
245 3007 338 3081 atque
355 2999 387 3062 in
401 3021 508 3063 eorum
526 2999 630 3062 locum
643 2997 696 3062 alii
712 3007 869 3083 praetores
889 2997 1122 3074 successissent,

106 3090 344 3176 Epaminondas
362 3092 471 3177 populi
485 3092 561 3157 scito
574 3114 637 3156 non
645 3092 758 3177 paruit,
771 3092 918 3174 idemque
929 3101 964 3155 ut
976 3091 1122 3184 lacerent,
1142 3107 1159 3153 4

106 3185 263 3270 persuasit
275 3185 403 3272 collegis
418 3196 448 3250 ct
465 3185 591 3263 bellum,
606 3187 691 3269 quod
704 3194 891 3269 susceperat,
910 3185 1018 3270 gessit.
1036 3207 1124 3247 nam-

107 3300 168 3360 que
186 3278 459 3356 animadvertebat,
479 3278 540 3344 nisi
551 3278 585 3343 id
602 3279 737 3356 fecisset,
757 3287 857 3343 totum
870 3278 1040 3342 exercitum
1052 3299 1125 3363 pro-

106 3381 175 3456 pter
187 3381 365 3455 praetorum
378 3372 618 3457 imprudentiam
626 3371 846 3454 ‚inscitiamque
859 3370 934 3435 belli
942 3372 1122 3456 periturum.

37 3536 39 3543 Ι
107 3463 159 3527 lex
177 3473 242 3528 erat
259 3464 392 3542 Thebis,
420 3487 500 3548 quae
517 3474 615 3530 morte
633 3464 799 3541 multabat,
822 3464 849 3529 si
866 3463 936 3546 quis
958 3463 1123 3548 imperium
1142 3482 1156 3528 5

108 3556 225 3620 diutius
250 3559 442 3635 retinuisset,
475 3580 568 3641 quam
599 3559 669 3644 lege
695 3557 893 3642 praefinitum
918 3556 1007 3621 foret.
1043 3556 1123 3620 hanc

107 3648 343 3734 Epaminondas
356 3674 428 3717 cum
441 3652 487 3716 rei
499 3651 641 3736 publicae
656 3651 886 3716 conservandae
900 3673 1012 3716 caussa
1029 3649 1124 3713 latam

108 3745 241 3820 videret,
260 3745 299 3808 ad
316 3747 486 3829 perniciem
503 3745 637 3810 civitatis
656 3745 797 3810 conferre
814 3744 913 3809 noluit
931 3753 962 3808 et
979 3750 1124 3824 quattuor

108 3839 270 3902 mensibus
284 3839 408 3918 diutius,
423 3862 517 3924 quam
529 3840 663 3926 populus
677 3840 819 3916 iusserat,
838 3839 936 3925 gessit
948 3834 1122 3920 imperium.

158 3932 252 3997 Vlll.
279 3931 453 4016 Postquam
466 3934 594 3999 domum
607 3933 741 3999 reditum
754 3941 811 4010 est,
830 3928 968 4016 collegae
983 3929 1049 3993 eius
1063 3929 1123 4007 hoc
1142 3951 1154 3995 1

109 4026 236 4091 crimine
263 4026 497 4092 accusabantur.
534 4026 648 4111 quibus
675 4027 726 4091 ille
752 4026 906 4112 permisit,
938 4032 973 4087 ut
999 4045 1129 4087 omnem

889 4122 923 4173 ῳ
