2564 4410
552 205 689 262 CONON.
1091 194 1134 258 29

105 322 200 388 bulus
218 343 319 405 neque
338 320 471 406 amplius
489 320 665 403 requisivit,
687 308 789 403 neque
807 341 997 405 quemquam
1014 310 1148 386 honore¹

107 439 142 482 se
156 416 362 480 antecessisse
375 414 573 479 existimavit
591 413 642 478 hic
656 413 798 498 sequenti
810 422 949 500 tempore
962 436 1034 479 cum
1042 436 1132 499 prae-
1150 438 1166 484 4

106 520 157 575 tor
173 510 306 575 classem
324 509 365 573 ad
384 506 528 573 Ciliciam
545 507 731 593 appulisset,
749 529 852 592 neque
869 507 945 572 satis
968 508 1134 594 diligenter

105 605 139 669 in
154 603 263 669 castris
278 602 346 666 eius
359 610 525 687 agerentur
533 601 669 688 vigiliae,
683 600 852 667 abarbaris
866 623 906 666 ex
915 602 1030 687 oppido
1038 611 1134 666 noctu
1240 620 1244 629 ·

106 699 269 784 eruptione
287 696 371 760 facta
387 696 421 759 in
438 694 638 761 tabernaculo
656 695 838 761 interfectus
857 705 914 760 est.

467 916 530 981 IX.
573 914 778 983 CONON.

158 1072 186 1137 Ι.
214 1070 339 1149 Conon,
358 1070 576 1147 Atheniensis,
595 1069 825 1155 Peloponnesio
843 1069 926 1136 bello
944 1070 1077 1136 accessit
1093 1070 1135 1135 ad
1154 1097 1167 1142 1
1200 1057 1202 1061 Α
1265 1120 1269 1127 .

106 1189 174 1233 rem
195 1165 369 1251 publicam,
395 1164 429 1229 in
451 1185 551 1248 eoque
574 1163 641 1228 eius
664 1186 759 1249 opera
779 1165 887 1250 magni
908 1164 977 1228 fuit.
1008 1187 1083 1228 nam
1104 1175 1136 1229 et

108 1267 235 1346 praetor
247 1257 646 1350 pedestribusexercitibus
659 1257 795 1343 praefuit
813 1267 844 1322 et
863 1257 1041 1343 praefectus
1056 1257 1136 1322 elas-

107 1356 153 1419 sis
171 1376 302 1439 magnas
324 1375 374 1418 res
397 1353 476 1417 mari
493 1352 601 1438 gessit.
631 1373 710 1436 quas
733 1350 774 1417 ob
797 1374 926 1417 caussas
943 1351 1134 1437 ,praecipuus

107 1448 138 1512 ei
156 1447 255 1512 honos
273 1445 399 1512 habitus
418 1455 475 1511 est.
501 1467 638 1528 namque
655 1445 801 1510 omnibus
819 1469 900 1510 unus
918 1445 1028 1511 insulis
1046 1465 1137 1530 prae-

107 1541 182 1606 fuit:
199 1541 233 1605 in
250 1563 314 1624 qua
329 1548 484 1625 potestate
500 1538 621 1603 Pheras
641 1540 731 1625 cepit,
750 1539 904 1605 coloniam
921 1539 1137 1605 Lacedaemo·

106 1635 242 1700 niorum
276 1632 337 1696 fuit
358 1633 452 1696 etiam
474 1645 614 1697 extremo
635 1631 867 1717 Peloponnesio
892 1632 975 1698 bello
1001 1642 1133 1718 praetor,
1154 1660 1169 1706 2

107 1752 183 1795 cum
200 1727 285 1812 apud
298 1725 407 1814 Aegos
422 1726 539 1791 flumen
557 1726 665 1813 copiae
678 1725 919 1792 Atheniensium
934 1750 953 1790 a
966 1726 1135 1812 Lysandro

108 1831 184 1888 sunt
197 1821 347 1886 devictae.
374 1819 431 1886 sed
448 1830 515 1885 tum
528 1820 616 1898 afuit,
636 1843 735 1904 eoque
749 1821 839 1907 peius
857 1843 908 1886 res
922 1821 1137 1886 administrata

108 1926 168 1982 est.
194 1939 268 1981 nam
286 1925 318 1981 et
333 1915 470 2002 prudens
487 1916 534 1980 rei
555 1915 696 1981 militaris
714 1925 746 1981 et
763 1916 896 2002 diligens
921 1925 987 1981 erat
1003 1915 1137 2000 impera

108 2021 166 2076 tor.
193 2011 299 2094 itaque
316 2009 434 2075 nemini
452 2019 517 2074 erat
534 2009 584 2074 his
602 2009 795 2096 temporibus
814 2009 958 2088 dubium,
983 2009 1011 2075 si
1028 2009 1136 2074 affuis-
1155 2035 1170 2080 3

108 2114 167 2182 set,
186 2104 273 2168 illam
288 2101 501 2171 Athenienses
520 2103 729 2169 calamitatem
746 2113 928 2189 accepturos
946 2126 1010 2168 non
1027 2102 1135 2168 fuisse.

160 2198 204 2263 Π.
231 2196 340 2264 Rebus
358 2207 464 2263 autem
484 2197 609 2264 afflictis
632 2221 704 2264 cum
725 2199 859 2284 patriam
876 2197 1012 2264 obsideri
1030 2196 1135 2262 audis·
1156 2224 1168 2268 1

109 2302 172 2370 set,
195 2315 259 2358 non
280 2293 449 2377 quaesivit,
472 2290 528 2357 ubi
544 2292 612 2377 ipse
630 2301 697 2357 tuto
712 2288 848 2370 rivaret,
872 2291 928 2357 sed
946 2291 1030 2356 unde
1046 2312 1137 2376 prae·

109 2387 190 2452 sidio
207 2395 315 2471 posset
331 2407 402 2450 esse
420 2383 541 2457 civibus
560 2385 635 2449 suis.
661 2385 767 2468 itaque
785 2384 915 2450 contulit
933 2406 966 2448 se
985 2384 1026 2448 ad
1037 2383 1137 2448 Phar-

107 2480 275 2557 nabazum,
295 2489 452 2564 satrapem
464 2477 573 2543 Ioniae
591 2486 621 2543 et
634 2477 758 2563 Lydiae
772 2477 968 2562 eundemque
985 2499 1137 2564 generum

107 2574 193 2659 regis
212 2581 244 2637 et
255 2572 475 2658 propinquum,
494 2572 579 2657 apud
592 2593 686 2655 quem
699 2580 732 2635 ut
745 2570 879 2635 multum
895 2571 997 2658 gratia
1009 2572 1135 2648 valeret,

107 2666 209 2732 multo
230 2665 337 2731 labore
359 2664 528 2749 multisque
551 2664 655 2730 effecit
670 2665 827 2750 periculis.
854 2688 928 2730 nam
946 2687 1017 2730 oum
1034 2665 1137 2729 Lace·
1155 2691 1170 2741 2

107 2760 266 2827 daemonii
288 2758 536 2825 Atheniensibus
558 2759 690 2824 devictis
712 2760 745 2823 in
759 2759 916 2824 vsocietate
940 2781 1005 2825 non
1030 2781 1138 2823 mane·

107 2864 192 2932 rent,
211 2877 306 2938 quam
324 2875 396 2918 cum
413 2851 591 2919 Artaxerxe
608 2853 756 2931 fecerant,
774 2853 1023 2939 Agesilaumque
1040 2851 1138 2918 bella

108 2958 178 3012 tum
195 2948 354 3012 misissent
374 2948 408 3011 in
424 2947 551 3025 Asiam,
575 2947 711 3012 maxime
732 2947 860 3034 impulsi
876 2972 897 3013 a
914 2948 1135 3035 Tissapherne,

108 3043 167 3126 qui
184 3065 224 3106 ex
241 3042 358 3106 intimis
371 3043 456 3128 regis
474 3040 514 3107 ab
533 3042 668 3107 amicitia
682 3042 748 3109 eius
763 3041 920 3107 defecerat
937 3052 968 3107 et
986 3064 1058 3107 cum
1071 3043 1137 3106 La-

109 3136 320 3201 cedaemoniis
338 3136 453 3200 coierat
471 3136 665 3214 societatem,
683 3137 768 3202 hunc
785 3137 936 3202 adversus
954 3135 1137 3200 Pharnaba-

110 3252 168 3294 zus
185 3229 311 3296 habitus
330 3239 378 3295 est
394 3229 576 3315 imperator,
593 3253 628 3295 re
645 3230 773 3321 quidem
789 3252 864 3295 vera
881 3229 1031 3295 exercitui
1047 3251 1137 3314 prae-

106 3322 171 3387 fuit
185 3321 305 3400 Conon,
326 3323 455 3407 eiusque
470 3324 575 3388 omnia
588 3321 714 3389 arbitrio
727 3333 818 3410 gesta
831 3333 912 3389 sunt.
939 3323 991 3388 hic
1003 3323 1136 3388 multum
1155 3347 1170 3394 3

107 3418 223 3482 ducem
238 3440 405 3495 summum,
419 3415 616 3503 Agesilaum,
630 3418 802 3505 impedivit,
817 3439 973 3503 saepeque
986 3418 1053 3484 eius
1062 3442 1137 3485 oon-

110 3508 189 3574 siliis
215 3509 349 3590 obstitit;
375 3532 477 3594 neque
499 3534 573 3576 vero
598 3534 662 3577 non
687 3512 748 3577 fuit
769 3521 924 3598 apertum,
951 3512 980 3578 si
999 3513 1052 3580 ille
1073 3536 1170 3582 nont

109 3602 235 3681 fuisset,
252 3603 440 3691 Agesilaum
453 3602 567 3670 Asiam
580 3605 686 3671 Tauro
704 3615 800 3671 tenus
812 3605 880 3693 regi
896 3605 996 3673 fuisse
1013 3616 1137 3693 ereptu-

109 3719 190 3763 rum.
218 3697 273 3780 qui
288 3708 493 3782 posteaquam
507 3699 667 3765 demuma
680 3700 746 3764 suis
760 3698 881 3765 civibus
894 3709 1059 3766 revocatus
1077 3709 1134 3776 est,
1252 3769 1254 3774 ,

109 3790 197 3875 quod
209 3790 322 3857 Boeoti
339 3802 370 3857 et
381 3792 593 3859 Athenienses
606 3793 868 3860 Lacedaemoniis
881 3793 999 3859 bellum
1015 3792 1137 3858 indixe-

108 3897 194 3966 rant,
219 3886 333 3953 Conon
352 3888 449 3953 nihilo
472 3888 576 3956 secius
593 3889 679 3974 apud
694 3889 869 3975 praefectos
886 3889 970 3975 regis
989 3887 1138 3955 versaba-

109 3990 163 4047 tur
178 3981 290 4068 hisque
308 3981 454 4050 omnibus
471 4006 587 4070 magno
604 3992 671 4049 erat
687 3984 768 4051 usui.
