2564 4410
133 231 177 295 20
467 239 650 299 CORNELII
664 241 827 299 NEPOTIS

134 357 244 423 classis
265 356 299 420 in
320 354 402 420 bello
424 355 523 419 multa
543 355 709 421 crudeliter
730 379 884 441 avareque
906 357 1034 423 fecisset
1056 358 1160 442 deque

133 452 183 516 his
201 449 296 515 rebus
316 449 526 535 suspicaretur
543 450 584 514 ad
601 449 686 514 cives
705 472 779 515 suos
797 473 867 516 esse
884 451 1048 537 perlatum,
1066 453 1159 537 petiit

134 569 154 611 a
178 542 399 622 Pharnabazo,
430 552 466 608 ut
496 543 537 609 ad
563 543 696 629 ephoros
723 544 784 609 sibi
814 546 1026 611 testimonium
1057 547 1168 635 daret,

134 647 252 721 quanta
278 637 441 703 sanctitate
467 636 585 702 bellum
611 639 764 723 gessisset
790 639 954 722 sociosque
981 649 1157 718 tractasset,

135 733 236 816 deque
254 754 291 796 ca
307 754 341 797 re
359 740 503 797 accurate
522 730 683 797 scriberet:
701 754 850 818 magnam
866 733 951 797 enim
964 733 1031 798 eius
1050 745 1159 800 sucto-

101 826 257 893 critatem
278 826 312 889 in
333 847 371 890 ea
392 847 426 890 re
447 824 594 889 futuram.
630 825 704 889 huic
720 825 772 890 ille
794 824 962 892 liberaliter
978 828 1157 912 pollicetur;

103 992 105 997 ¹
133 919 249 985 librum
265 919 416 1005 grandem
433 917 537 984 verbis
556 918 661 984 multis
680 920 873 1004 conscripsit,
892 920 926 985 in
938 921 1052 1004 quibus
1071 944 1159 986 sum-

134 1013 194 1078 mis
213 1036 286 1078 eum
303 1013 364 1077 fert
380 1011 536 1078 laudibus.
568 1034 662 1097 quem
684 1033 756 1077 oum
773 1013 903 1098 legisset
919 1014 1157 1099 probassetque,

134 1108 211 1171 dum
233 1107 387 1194 signatur,
411 1107 543 1171 alterum
564 1107 633 1192 pari
654 1107 883 1193 magnitudine,
906 1117 993 1173 tanta
1015 1108 1159 1174 similitu-

135 1202 221 1280 dine,
248 1212 283 1266 ut
305 1202 440 1267 discerni
460 1223 525 1266 non
540 1211 663 1286 posset,
691 1202 849 1287 signatum
867 1201 1012 1280 subiecit,
1038 1203 1157 1285 inquo

100 1299 118 1358 3'
135 1295 366 1363 accuratissime
384 1295 451 1360 eius
465 1295 627 1360 avaritiam
644 1295 869 1380 perfidiamque
882 1305 1053 1361 accusarat
1071 1295 1158 1360 hunc

133 1390 315 1473 Lysander,
339 1388 467 1453 domum
485 1410 558 1452 cum
574 1389 716 1466 redisset,
735 1398 903 1475 postquam
920 1391 960 1454 de
977 1391 1042 1454 suis
1060 1390 1156 1455 rebus

134 1483 231 1568 gestis
246 1482 331 1567 apud
347 1483 520 1547 maximum
528 1482 756 1568 magistratum,
771 1504 851 1567 quae
864 1483 1013 1560 voluerat,
1024 1483 1157 1563 dixerat,

134 1576 304 1641 testimonii
320 1576 390 1641 loco
407 1575 523 1641 librum
541 1576 775 1642 aPharnabazo
789 1578 896 1643 datum
910 1577 1043 1643 tradidit.
1070 1577 1158 1643 hunc

135 1679 290 1736 summoto
302 1670 472 1756 Lysandro
486 1693 558 1736 cum
572 1672 680 1758 ephori
693 1681 891 1758 cognossent,
909 1672 971 1757 ipsi
986 1671 1158 1757 legendum

134 1764 294 1830 dederunt.
321 1766 365 1830 ita
381 1765 434 1830 ille
452 1766 633 1851 imprudens
651 1766 720 1850 ipse
738 1789 815 1832 snus
833 1765 893 1830 fuit
911 1775 1081 1830 accusator.

416 1985 491 2052 VH.
526 1983 868 2053 ALCIBIADES.

102 2161 115 2206 1
185 2137 213 2203 Ι.
234 2136 427 2215 Alcibiades,
439 2138 560 2203 Cliniae
573 2137 665 2217 filius,
676 2138 889 2228 Atheniensis.
907 2139 1159 2224 inhocquidna-

134 2242 204 2297 tura
225 2232 349 2297 efficere
370 2233 484 2317 possit,
507 2233 631 2296 videtur
652 2241 788 2318 experta.
822 2231 955 2297 Constat
972 2235 1056 2297 enim
1077 2235 1159 2299 inter

134 2348 256 2404 omnes,
280 2325 334 2410 qui
352 2327 391 2390 de
409 2348 447 2392 eo
465 2325 633 2391 memoriae
650 2325 865 2411 prodiderunt,
887 2325 966 2390 nihil
987 2327 1040 2390 illo
1058 2327 1159 2395 fuisse

65 2492 71 2503 ,
101 2441 115 2489 2
135 2420 336 2486 excellentius
358 2420 410 2486 vel
430 2420 464 2485 in
485 2421 569 2486 vitiis
591 2420 643 2485 vel
663 2421 697 2486 in
718 2419 895 2486 virtutibus.
926 2430 1018 2485 natus
1040 2420 1074 2485 in
1091 2445 1159 2486 am-

133 2514 275 2600 plissima
305 2515 430 2580 civitate
461 2537 584 2580 summo
614 2537 743 2601 genere,
772 2515 912 2580 omnium
938 2516 1048 2581 aetatis
1080 2538 1159 2581 suae

134 2606 231 2672 multo
249 2607 506 2685 formosissimus,
526 2609 567 2673 ad
584 2630 692 2673 omnes
710 2619 871 2694 recaptus
890 2610 1073 2692 consiliique
1089 2608 1159 2694 ple-

133 2726 204 2769 nus.
235 2725 371 2786 namque
396 2703 565 2789 imperator
586 2704 647 2769 fuit
672 2727 814 2785 summus
841 2713 872 2769 et
897 2705 977 2768 mari
1003 2714 1035 2769 et
1060 2712 1164 2783 terra3‘

134 2797 284 2876 disertus,
311 2797 400 2862 utin
425 2798 534 2883 primis
557 2798 689 2863 dicendo
710 2798 842 2877 valeret,
870 2798 955 2880 quod
977 2805 1064 2861 tanta
1090 2808 1158 2861 erat

135 2892 363 2957 commendatio
390 2893 452 2957 oris
480 2902 573 2976 atque
599 2893 762 2970 orationis,
790 2902 826 2957 ut
849 2912 943 2956 nemo
969 2891 998 2955 ei
1022 2890 1157 2956 dicendo

101 3005 116 3052 3
133 2993 241 3069 posset
257 2985 418 3062 resistere3
441 2985 545 3064 dives;
568 3008 641 3050 cum
658 2996 782 3071 tempus
799 2993 952 3070 posceret,
970 2983 1157 3062 laboriosus,

133 3078 271 3164 patiens;
298 3077 448 3156 liberalis,
477 3078 659 3164 splendidus
689 3103 754 3145 non
783 3080 887 3144 minus
913 3080 947 3143 in
972 3079 1037 3143 vita
1062 3100 1158 3160 quam

134 3173 235 3253 viotu3
261 3172 410 3251 affabilis,
438 3173 588 3252 blandus,
615 3174 807 3259 temporibus
833 3173 1033 3239 callidissime
1058 3172 1159 3237 inser-

100 3289 117 3335 4
135 3267 233 3332 viens.
260 3267 354 3345 idem,
374 3266 468 3333 simul
485 3289 523 3332 ac
540 3290 575 3332 se
591 3268 753 3332 remiserat
769 3289 872 3351 neque
889 3289 1003 3332 caussa
1020 3265 1157 3344 suberat,

135 3381 232 3442 quare
257 3362 354 3426 animi
383 3360 521 3426 laborem
552 3361 717 3446 perferret,
749 3361 943 3439 luxuriosus,
974 3359 1157 3438 dissolutus,

135 3454 335 3534 libidinosus,
347 3458 569 3543 'intemperans
587 3456 811 3542 reperiebatur,
834 3465 870 3520 ut
891 3477 1001 3521 omnes
1024 3455 1160 3520 admira-

135 3557 250 3627 rentur,
268 3549 302 3613 in
323 3574 385 3616 uno
402 3551 532 3646 ⁸homine
551 3560 669 3615 tantam
687 3571 757 3615 esse
776 3549 1061 3616 dissimilitudinem
1078 3557 1159 3614 tam·

136 3665 198 3728 que
215 3644 372 3709 diversam
390 3656 543 3711 naturam.

103 3757 116 3804 1
186 3737 232 3802 Π.
258 3738 422 3804 Educatus
441 3748 490 3804 est
506 3740 540 3804 in
557 3739 651 3803 domo
668 3737 783 3803 Pericli
797 3736 974 3822 (privignus
988 3736 1071 3800 enim
1089 3736 1159 3801 eius

135 3831 235 3897 fuisse
256 3832 392 3917 dicitur),
416 3833 554 3898 eruditus
578 3830 755 3898 aSocrate.
785 3852 928 3895 socerum
950 3829 1060 3894 habuit
1076 3828 1161 3915 Hip-

136 3926 298 4010 ponicum,
321 3926 462 3991 omnium
479 3924 603 3993 Graeca
619 3926 729 4013 lingna
743 3923 939 4008 loquentium
956 3923 1158 3999 ditissimum,

136 4028 181 4098 ut,
204 4020 232 4085 si
252 4020 320 4106 ipse
337 4020 457 4109 lingere
473 4020 576 4098 vellet,
595 4041 697 4104 neque
718 4018 809 4105 plura
826 4017 911 4084 bona
929 4015 1088 4083 reminisci
1104 4037 1161 4082 ne-
