2564 4410
522 242 735 303 rruonuorv.
1105 232 1144 298 71
1217 222 1220 227 ’

118 365 281 432 Crinisum
298 362 416 429 flumen
434 360 558 449 fugavit
575 383 622 439 aa,
631 361 707 427 satis
725 358 842 426 habere
860 359 972 448 coiigit,
993 361 1021 426 si
1036 361 1144 428 liceret

114 459 261 524 Africam
275 457 424 536 obtinere,
444 457 498 542 qui
513 456 578 521 iam
596 455 772 543 complures
791 477 890 521 anuos
909 455 1144 541 possessionem

116 552 245 619 Siciliae
258 551 416 618 tenebant.
444 550 527 638 cepit
540 551 634 617 etiam
642 550 850 628 Mamercum,
860 549 1007 615 Italicum
1020 549 1142 630 ducem,

113 647 275 712 hominem
288 645 472 712 bellicosum
485 655 517 711 et
533 654 702 732 potentem,
722 645 777 730 qui
789 654 939 731 tyrannos
954 644 1097 709 adiutum
1110 645 1144 710 in

114 739 260 813 Siciliam
278 748 414 805 venerat

168 835 230 899 IH.
259 833 383 917 Quibus
400 833 495 901 rebus
510 833 661 900 confectis
680 855 753 899 cum
769 841 896 919 propter
909 831 1144 899 diuturnitatem
1163 857 1175 902 1

114 929 191 994 belli
207 950 271 994 non
292 927 394 994 solum
411 929 571 1016 regiones,
595 928 764 993 sedetiam
780 926 875 992 urbes
898 926 1038 992 desertas
1057 926 1144 992 vide-

113 1034 172 1101 ret,
192 1022 387 1107 conquisivit,
407 1044 486 1107 quos
503 1022 614 1109 potuit,
632 1022 770 1108 primum
780 1019 905 1087 Siculos
911 1044 920 1100 ;
939 1020 1012 1085 dein
1030 1019 1144 1086 Corin-

115 1117 170 1182 tho
188 1116 352 1183 arcessivit
368 1115 506 1195 colonos,
525 1116 610 1201 quod
628 1115 667 1181 ab
685 1115 735 1180 his
753 1115 840 1181 initio
860 1113 1037 1201 Syracusae
1056 1125 1144 1181 erant
1259 1132 1265 1139 ·

115 1212 269 1277 conditae.
296 1210 418 1277 civibus
428 1210 586 1277 veteribus
601 1233 659 1276 sua
670 1209 815 1289 restituit,
834 1210 924 1276 novis
938 1210 1144 1277 bellovacue-
1161 1232 1176 1278 2

114 1305 216 1370 factas
233 1306 453 1392 possessiones
472 1305 592 1384 divisit3
614 1304 739 1370 urbium
763 1304 888 1369 moenia
906 1303 1037 1369 disiecta
1053 1305 1143 1369 lana-

113 1421 177 1482 que
187 1399 310 1464 deserta
317 1399 440 1479 refecit3
459 1398 637 1466 civitatibus
646 1398 733 1487 leges
746 1397 985 1484 libertatemque
993 1399 1142 1478 reddidit3

113 1515 156 1557 ex
177 1494 315 1559 maximo
336 1492 419 1559 bello
441 1503 563 1559 tantum
584 1493 683 1559 otium
705 1502 789 1558 totae
809 1492 932 1558 insulae
955 1491 1141 1572 conciliavit,

112 1596 149 1650 ut
166 1586 219 1652 hic
237 1588 379 1652 conditor
395 1587 519 1653 urbium
538 1609 655 1665 earum,
673 1610 737 1652 non
753 1587 808 1665 illi,
828 1587 882 1672 qui
899 1587 987 1653 initio
1005 1588 1144 1652 deduxe-

112 1691 194 1759 rant,
213 1681 379 1747 videretur.
407 1704 511 1749 arcem
530 1680 712 1768 Syracusio,
735 1703 831 1765 quam
848 1681 1003 1746 munierat
1019 1681 1143 1768 Diony·
1161 1701 1175 1748 3

111 1776 182 1840 sius
201 1775 243 1840 ad
259 1774 369 1841 urbem
387 1775 603 1855 obsidendam,
622 1799 642 1840 a
658 1775 871 1840 fundamentis
890 1775 1021 1853 disiecit,
1040 1786 1143 1841 cetera

112 1869 289 1954 tyrannidis
310 1870 547 1958 propugnacula
568 1869 735 1936 demolitus
763 1879 812 1936 est
834 1869 981 1954 deditque
1004 1892 1140 1956 operam,

112 1977 262 2048 utquam
279 1964 407 2030 minime
424 1964 523 2034 multa
539 1963 674 2052 vestigia
692 1964 850 2030 servitutis
872 1972 1043 2029 manerent.
1070 1986 1142 2028 cum
1160 1984 1176 2030 4

111 2054 208 2122 tantis
227 2067 311 2123 esset
329 2057 456 2145 opibus,
475 2068 511 2124 ut
529 2059 622 2124 etiam
640 2058 747 2124 invitis
765 2058 918 2145 imperare
935 2066 1053 2145 posset,
1073 2067 1142 2122 tan-

110 2162 180 2215 tum
199 2160 305 2217 autem
322 2174 461 2218 amorem
482 2152 612 2219 haberet
629 2153 770 2219 omniurn
788 2150 978 2231 Siculorum,
1001 2161 1037 2217 ut
1053 2151 1140 2218 nullo

111 2255 278 2311 recusante
299 2269 432 2334 regnum
449 2247 604 2326 obtinere,
627 2247 737 2312 maluit
755 2269 789 2313 se
812 2246 901 2334 diligi
918 2268 1014 2332 quam
1031 2245 1139 2337 metui.

60 2415 63 2420 .
109 2340 218 2424 itaque
237 2362 308 2406 cum
325 2342 462 2428 primum
479 2342 589 2428 potuit,
607 2342 775 2428 imperium
788 2341 935 2428 deposuit
948 2363 985 2406 ac
996 2341 1138 2427 privatus

113 2431 292 2519 Syracusis,
312 2436 398 2520 quod
413 2435 570 2521 reliquum
587 2437 670 2502 vitae
686 2436 757 2515 fuit,
776 2437 863 2501 vixit.
890 2457 992 2520 neque
1010 2457 1085 2501 vero
1106 2435 1140 2500 id
1158 2456 1174 2503 5

112 2528 256 2614 imperite
274 2529 357 2595 fecit.
385 2555 459 2597 nam
477 2532 562 2616 quod
584 2531 679 2596 ceteri
699 2553 791 2618 reges
813 2530 944 2617 imperio
961 2539 1138 2617 potuerunt,

108 2622 164 2687 hic
185 2622 403 2690 benevolentia
424 2625 532 2691 tenuit.
568 2623 672 2691 nullus
690 2624 791 2690 honos
809 2624 883 2690 huic
900 2623 1014 2704 defuit,
1036 2639 1139 2711 neque

110 2727 223 2802 postea
243 2741 294 2784 res
312 2719 377 2784 ulla
396 2717 564 2805 Syracusis
582 2729 673 2806 gesta
690 2729 738 2784 est
755 2717 894 2806 publice,
913 2718 952 2784 de
971 2741 1034 2803 qua
1050 2719 1138 2805 prius

111 2812 154 2876 sit
172 2811 331 2878 decretum
348 2836 443 2898 quam
452 2814 659 2879 Timoleontis
679 2814 833 2878 sententia
851 2812 986 2899 cognita.
1021 2813 1137 2878 nullius
1157 2834 1171 2880 6
1213 2824 1216 2829 ⁴

111 2928 262 2990 umquam
275 2908 440 2973 consilium
456 2930 520 2974 non
533 2908 627 2973 modo
645 2908 825 2986 antelatum,
844 2907 901 2972 sed
918 2929 958 2971 ne
976 2929 1138 2994 compara-

109 3010 180 3063 tum
197 3000 325 3083 quidem
343 3013 400 3066 est.
426 3024 528 3087 neque
546 3002 580 3067 id
596 3003 698 3089 magis
716 3001 934 3068 benevolentia
951 3001 1070 3067 factum
1089 3012 1138 3067 est

109 3116 207 3177 quam
224 3095 398 3180 prudentia.

161 3186 220 3253 IV.
256 3188 321 3254 Hic
348 3211 421 3254 cum
447 3199 548 3255 aetate
573 3191 637 3257 iam
662 3199 829 3277 provectus
857 3198 953 3267 esset,
983 3189 1049 3252 sine
1071 3187 1135 3252 ullo
1156 3213 1168 3256 1

108 3280 220 3346 morbo
246 3283 366 3348 lumina
390 3284 553 3350 oculorum
579 3286 693 3350 amisit.
730 3306 826 3370 quam
852 3282 1061 3349 calamitatem
1091 3283 1136 3347 ita

109 3375 270 3442 moderate
287 3376 367 3455 tulit,
385 3387 421 3442 ut
437 3400 540 3464 neque
559 3401 631 3444 eum
644 3388 827 3463 querentem
844 3376 1012 3462 quisquam
1029 3377 1136 3442 audie-

108 3469 158 3545 rit,
177 3491 279 3556 neque
297 3471 455 3538 eominus
473 3472 603 3559 privatis
620 3472 817 3560 publicisque
834 3470 929 3537 rebus
951 3471 1133 3537 interfuerit.

109 3562 256 3629 veniebat
273 3574 378 3630 autem
395 3565 429 3629 in
446 3565 611 3646 theatrum,
631 3589 704 3632 cnm
716 3566 761 3633 ibi
774 3565 941 3632 concilium
957 3565 1066 3652 populi
1078 3565 1135 3630 ha
1153 3583 1168 3629 2

108 3655 243 3737 beretur,
261 3669 388 3746 propter
400 3660 612 3726 valetudinem
624 3670 734 3726 vectus
752 3660 899 3727 iumentis
912 3660 1026 3726 iunctis
1041 3668 1134 3743 atque

106 3750 152 3817 ita
169 3752 208 3817 de
226 3753 385 3832 vehiculo,
409 3776 490 3839 quae
508 3755 708 3834 videbantur,
728 3754 861 3821 dicebat.
892 3776 994 3839 neque
1011 3751 1072 3817 hoc
1088 3752 1135 3816 illi

107 3846 276 3931 quisquam
293 3848 451 3915 tribuebat
469 3848 647 3936 superbiae:
665 3850 744 3915 nihil
761 3850 846 3915 enim
862 3871 1013 3933 umquam
1030 3867 1133 3931 neque

105 3938 244 4007 insolens
267 3962 369 4026 neque
390 3943 563 4031 gloriosum
585 3967 625 4025 ex
642 3966 696 4011 ore
713 3945 780 4010 eius
803 3943 887 4010 exiit.
923 3941 977 4026 qui
994 3940 1131 4025 quidem,
1151 3962 1165 4009 3

104 4055 180 4099 cum
199 4058 273 4103 suas
291 4035 401 4103 laudes
423 4036 544 4105 audiret
561 4038 743 4126 praedicari,
761 4058 934 4121 numquam
952 4034 1037 4101 aliud
1055 4034 1133 4100 dixit
