2564 4410
134 215 176 279 12
468 220 652 278 CORNELII
664 219 827 278 NEPOTIS

134 343 214 407 adeo
229 339 368 405 eruditus
382 347 440 416 est,
459 346 494 402 ut
507 336 606 401 multo
620 337 813 402 commodius
823 337 944 402 dicatur
957 336 1042 423 apud
1054 359 1168 425 regem

133 436 230 502 verba
247 434 371 510 fecisse,
390 454 485 517 quam
502 432 525 496 ii
541 441 693 517 poterant,
711 433 766 516 qui
782 433 816 496 in
832 431 964 498 Perside
981 441 1071 497 eraut
1089 434 1167 499 nati.
1205 496 1207 501 .

101 554 116 601 a
135 532 187 596 hic
205 552 277 595 cum
293 528 392 593 multa
408 528 477 614 regi
495 535 579 591 esset
594 527 761 613 pollicitus,
779 528 1057 613 gratissimumque
1075 527 1167 607 illud,

135 626 162 691 si
181 626 247 690 suis
264 624 310 688 uti
328 622 465 688 consiliis
482 621 586 699 vellet,
604 621 694 686 illum
707 619 875 687 Graeciam
893 621 975 687 bello
993 644 1167 709 oppressu·
1204 666 1207 679 ·

133 743 213 797 rum,
237 718 360 805 magnis
383 715 565 781 muneribus
586 715 625 781 ab
647 714 825 782 Artaxerxe
847 718 980 782 donatus
997 717 1032 781 in
1047 716 1167 785 Asiam
1204 750 1207 777 :

100 813 225 882 arediit
246 812 501 894 domiciliumque
523 808 711 896 Magnesiae
739 811 799 876 sibi
821 812 990 877 constituit.
1025 834 1166 898 namque
1205 826 1207 849 ²

133 907 216 973 hanc
236 904 348 971 urbem
370 904 399 969 ei
420 926 477 969 rex
494 904 639 982 donarat,
662 903 712 968 his
736 905 863 988 quidem
883 904 1002 970 verbis:
1029 925 1114 989 quae
1136 907 1166 973 ei
1205 944 1207 957 ι

113 1023 248 1093 ιΡαιιθυιι
272 998 438 1084 praeberet
464 997 519 1082 (ex
544 1019 607 1082 qua
633 998 761 1085 regione
793 1000 1020 1086 quinquaginta
1045 999 1166 1067 talenta
1185 990 1207 1042 ·³

12 1140 15 1145 -
134 1094 301 1178 quotannis
318 1091 491 1178 redibant);
508 1092 725 1177 Lampsacum
744 1104 858 1172 autem,
881 1095 965 1159 unde
982 1094 1094 1159 vinum
1111 1118 1165 1161 su·
1205 1104 1207 1111 '

133 1198 246 1266 meret3
268 1187 419 1274 Myunta,
444 1209 483 1251 ex
501 1209 565 1270 qua
581 1188 748 1272 opsonium
765 1188 904 1253 haberet.
935 1188 1029 1254 huius
1048 1190 1092 1253 ad
1108 1212 1165 1257 no-

134 1293 231 1351 stram
253 1281 435 1347 memoriam
457 1291 659 1346 monumenta
680 1292 864 1347 manserunt
881 1284 959 1348 duo:
983 1283 1165 1368 sepulcrum

132 1399 231 1464 prope
246 1377 405 1463 oppidum,
424 1377 458 1440 in
471 1397 533 1460 quo
547 1385 595 1440 est
609 1376 749 1461 sepultus
754 1402 764 1456 ;
783 1387 887 1443 statua
903 1379 937 1442 iu
949 1377 1166 1467 foroMagne-

99 1494 116 1538 4
135 1473 209 1537 siae.
237 1473 277 1537 de
295 1472 384 1536 cuius
401 1480 501 1536 morte
518 1471 711 1537 multimodis
729 1472 814 1558 apud
830 1472 996 1558 plerosque
1011 1473 1164 1559 scriptum

135 1576 197 1644 est3
226 1566 282 1631 sed
303 1587 361 1630 nos
384 1566 519 1631 eundem
539 1566 739 1652 potissimum
756 1566 976 1653 Thucydidem
1002 1577 1165 1635 auctorem

132 1659 313 1747 probamus,
332 1660 387 1744 qui
403 1659 493 1725 illum
505 1660 549 1725 ait
556 1659 743 1747 Magnesiae
756 1660 867 1727 morbo
885 1670 1044 1727 mortuum
1059 1685 1165 1748 neque

133 1763 228 1842 negat
245 1753 344 1819 fuisse
355 1754 490 1832 ¹famam,
508 1776 665 1819 venenum
684 1778 742 1820 sua
759 1766 869 1841 sponte
888 1755 1072 1841 sumpsisse,
1092 1778 1166 1821 cum

135 1871 179 1927 se,
197 1870 279 1933 quae
291 1848 359 1936 regi
373 1848 412 1915 dc
423 1846 558 1914 Graecia
571 1849 776 1934 opprimenda
788 1849 945 1934 pollicitus
959 1858 1053 1927 esset,
1072 1872 1166 1936 prae-

101 1966 116 2013 5
136 1953 218 2009 stare
231 1944 329 2030 posse
347 1944 536 2028 desperaret.
566 1943 651 2007 idem
668 1965 743 2008 ossa
760 1944 828 2009 eius
847 1943 928 2008 clam
945 1945 980 2008 in
996 1942 1107 2010 Attica
1125 1944 1165 2011 ab

136 2037 245 2102 amicis
265 2035 401 2121 sepulta,
425 2037 575 2120 quoniam
592 2035 716 2124 legibus
738 2060 802 2103 non
819 2037 1054 2118 concederetur,
1078 2039 1166 2123 quod

134 2130 320 2216 proditionis
331 2140 424 2205 ,esset
441 2130 618 2208 damnatus,
636 2131 805 2196 memoriae
822 2131 968 2217 prodidit.

449 2352 511 2416 IH.
546 2350 844 2420 ARISTIDES.

101 2530 114 2575 1
185 2507 212 2570 Ι.
248 2505 420 2584 Aristides,
443 2507 630 2593 Lysimachi
655 2507 752 2585 filius,
775 2506 995 2587 Atheniensis,
1022 2509 1165 2594 aequalis

134 2599 201 2665 fere
223 2600 283 2665 fuit
301 2601 515 2665 Themistocli.
546 2602 651 2684 itaque
674 2602 748 2665 cum'
768 2623 806 2667 eo
829 2602 868 2666 de
889 2602 1067 2688 principatu
1089 2624 1167 2670 con-

101 2717 116 2763 2
135 2694 248 2760 tendit:
265 2716 402 2778 namque
420 2693 631 2760 obtrectarunt
647 2695 728 2760 inter
747 2718 790 2761 se.
817 2697 851 2761 in
867 2696 917 2761 his
936 2706 1042 2762 autem
1055 2700 1166 2786 cogni-

134 2801 202 2855 tum
220 2798 278 2868 cst,
297 2797 413 2874 quanto
431 2799 600 2855 antestaret
617 2789 796 2874 eloquentia
811 2790 1016 2857 innocentiae.
1052 2813 1166 2876 quam-

135 2906 231 2967 quam
249 2883 332 2948 enim
350 2884 429 2948 adeo
448 2883 622 2950 excellebat
633 2883 792 2950 Aristides
811 2885 1009 2965 abstinentia,
1026 2895 1063 2951 ut
1079 2909 1164 2953 unus

134 2985 208 3064 post
228 2976 392 3041 hominum
413 2979 606 3056 memoriam,
626 3001 720 3063 quem
739 2980 866 3065 quidem
883 3004 941 3047 nos
960 2980 1165 3060 audierimus,

136 3070 322 3157 cognomine
344 3070 453 3136 Iustus
482 3072 522 3135 sit
547 3072 736 3157 appellatus,
763 3083 882 3152 tamen,
909 3098 929 3139 a
950 3073 1166 3140 Themistocle

137 3164 376 3241 collabefactus,
400 3166 514 3231 testula
530 3167 584 3231 illa
602 3167 695 3232 exilio
713 3169 823 3232 decem
840 3192 994 3234 annorum
1011 3168 1165 3234 multatus

101 3281 117 3326 3
136 3271 193 3326 est.
221 3260 276 3344 qui
293 3259 422 3344 quidem
435 3282 507 3324 cum
524 3259 720 3347 intelligeret,
738 3263 866 3348 reprimi
879 3263 1065 3329 concitatam
1083 3264 1167 3328 mul-

135 3353 302 3422 titudinem
318 3375 382 3419 non
398 3376 502 3440 posse,
522 3356 700 3439 cedensque
718 3357 989 3422 animadvertisset
1005 3358 1166 3440 quendam

137 3447 338 3524 scribentem,
361 3457 396 3511 ut
416 3449 517 3533 patria
533 3449 714 3536 pelleretur,
738 3451 900 3535 quaesisse
924 3450 1020 3517 abeo
1039 3452 1164 3529 dicitur,

136 3564 231 3625 quare
261 3543 295 3606 id
321 3542 451 3620 faceret,
479 3552 533 3607 aut
559 3544 636 3627 quid
660 3542 820 3610 Aristides
852 3545 1075 3622 commisisset,
1109 3568 1166 3611 cur

101 3647 221 3703 etanta
237 3658 340 3723 poena
357 3637 472 3723 dignus
490 3638 664 3703 duceretur.
701 3639 752 3704 cui
772 3639 825 3705 ille
841 3639 1003 3724 respondit
1021 3661 1056 3704 se
1073 3639 1166 3726 ignc-

135 3754 205 3797 rare
226 3730 404 3808 Aristiden,
432 3731 490 3795 sed
516 3731 577 3796 sibi
598 3755 662 3798 nou
687 3733 824 3819 placere,
852 3732 938 3816 quod
960 3743 1025 3797 tam
1048 3735 1165 3819 cupide

101 3826 344 3904 selaborasset,
370 3834 407 3890 ut
432 3835 555 3912 praeter
581 3837 700 3893 ceteros
723 3828 830 3891 Iustus
857 3827 1075 3913 appellaretur.
1112 3828 1164 3893 hic

136 3921 246 3986 decem
278 3942 431 3986 annorum
460 3919 632 4006 legitimam
657 3942 792 4007 poenam
817 3943 880 3985 non
906 3920 1042 4008 pertulit.
1087 3946 1166 3987 nam

134 4023 306 4099 postquam
335 4013 464 4080 Xerxes
498 4015 532 4078 in
559 4012 725 4080 Graeciam
759 4014 934 4094 descendit,
971 4024 1060 4080 sexto
1096 4015 1165 4082 fere
