2564 4410
445 747 795 838 [Patauino]

160 932 233 997 Non
250 930 359 996 dubito
377 930 444 995 fore
461 931 637 1016 plerosque,
656 927 772 1008 Attice,
791 931 845 1014 qui
862 930 923 996 hoc
940 952 1039 1016 genus
1059 931 1134 995 seri-
1153 949 1165 993 1

108 1037 219 1114 pturae
236 1025 305 1090 leve
324 1033 435 1089 elnon
454 1025 529 1088 satis
547 1025 678 1110 dignum
697 1046 891 1088 summorum
908 1025 1046 1088 virorum
1063 1047 1134 1110 per·

109 1120 193 1186 sonis
211 1119 359 1195 iudicent,
378 1139 451 1182 cum
463 1117 595 1181 relatum
608 1117 723 1203 legent,
742 1118 813 1200 quis
827 1117 980 1194 musicam
995 1117 1134 1182 docuerit

107 1213 375 1301 Epaminondam,
399 1211 507 1276 autin
529 1211 596 1276 eius
614 1210 781 1276 virtutibus
800 1212 1049 1289 commemorari,
1073 1212 1135 1276 sal·

107 1322 193 1375 tasse
216 1331 288 1373 eum
310 1307 473 1373 commode
501 1307 695 1391 scienterque
721 1306 806 1371 tibiis
833 1315 986 1371 cantasse.
1023 1306 1079 1370 sed
1101 1306 1166 1369 hia
1187 1332 1208 1354 ·-

106 1413 198 1469 erunt
211 1403 286 1480 fere,
302 1403 356 1486 qui
370 1410 512 1487 expertes
525 1401 698 1466 litterarum
708 1398 901 1467 Graecarum
913 1400 991 1464 nihil
1003 1410 1133 1477 rectum,

107 1498 169 1562 nisi
182 1497 267 1581 quod
284 1497 425 1582 ipsorum
438 1494 577 1560 moribus
593 1496 766 1573 conveniat,
784 1495 948 1580 putabunt.
967 1495 1000 1560 hi
1015 1496 1042 1560 si
1056 1495 1134 1558 didi·
1152 1511 1168 1559 3
1206 1500 1209 1505 '

98 1593 215 1669 cerint,
234 1614 298 1655 non
316 1590 427 1654 eadem
445 1589 590 1653 omnibus
609 1612 678 1653 esse
692 1589 825 1654 honesta
838 1600 932 1672 atque
946 1589 1057 1674 turpia,
1078 1589 1134 1654 sed
1208 1640 1211 1645 .
1268 1642 1271 1647 .

108 1686 214 1749 omnia
231 1683 385 1746 maiorum
402 1681 551 1745 institutis
569 1683 709 1759 iudicari,
728 1705 792 1746 non
809 1684 1056 1760 admirabuntur,
1075 1707 1134 1747 nos

107 1779 140 1841 in
159 1775 327 1841 Graiorum
344 1774 510 1839 virtutibus
533 1776 725 1860 exponendis
743 1792 846 1839 mores
870 1798 977 1840 eorum
999 1786 1132 1850 secutos.

107 1891 210 1960 neque
228 1870 311 1950 enirn
327 1867 453 1934 Cimoni
470 1869 531 1932 fuit
549 1877 648 1955 turpe,
662 1868 905 1933 Atheniensium
920 1891 1042 1933 summo
1056 1870 1132 1946 vire,
1148 1888 1165 1932 4
1262 1872 1265 1878 '

109 1989 246 2032 sororem
272 1988 454 2052 germanam
480 1964 595 2029 habere
621 1965 655 2028 in
680 1964 891 2028 matrimonio:
919 1963 1035 2048 quippe
1062 1984 1134 2027 cum

108 2061 193 2124 cives
212 2059 279 2124 eius
299 2060 410 2124 eodem
427 2068 587 2123 uterentur
604 2058 755 2123 instituto.
776 2068 807 2122 at
824 2059 857 2122 id
875 2059 1001 2142 quidem
1019 2057 1133 2122 nostris

107 2152 246 2218 moribus
269 2153 358 2218 nefas
385 2151 527 2217 habetur.
558 2153 646 2217 laudi
666 2152 699 2216 in
724 2150 858 2217 Graecia
880 2152 1004 2216 ducitur
1029 2152 1134 2216 adole-

108 2247 257 2313 scentulis
275 2247 533 2333 quamplurimos
552 2246 668 2311 habere
687 2254 851 2311 amatores.
877 2246 963 2310 nulla
971 2246 1134 2310 Lacedae-

107 2342 193 2406 moni
210 2341 383 2406 viduatam
401 2351 449 2406 est
462 2341 585 2418 nobilis,
605 2362 685 2424 quae
703 2363 765 2405 non
780 2341 820 2404 ad
838 2362 968 2405 coenam
986 2349 1036 2403 eat
1053 2362 1134 2402 mer-

106 2438 184 2501 cede
202 2437 365 2501 cenducta.
392 2437 516 2522 magnis
538 2437 571 2499 in
588 2435 734 2500 laudibus
753 2445 819 2499 tota
835 2435 902 2499 fere
920 2434 980 2497 fuit
999 2431 1133 2499 Graecia
1150 2456 1165 2501 5
1245 2470 1248 2475 ’

107 2532 257 2595 victorem
277 2529 446 2615 Olympiae
464 2529 565 2607 citari3
587 2530 621 2593 in
640 2551 766 2594 scenam
788 2551 862 2593 vero
881 2529 1004 2613 prodire
1023 2550 1060 2593 ac
1076 2551 1134 2613 po-

106 2626 181 2709 pulo
204 2647 274 2689 esse
297 2623 475 2709 spectaculo
496 2625 615 2698 nemini
635 2625 669 2688 in
691 2624 809 2688 eisdem
827 2622 973 2710 gentibus
991 2623 1052 2688 fuit
1069 2633 1133 2687 tur-

106 2718 250 2803 pitudini.
286 2740 367 2801 quae
390 2719 495 2783 omnia
521 2719 605 2804 apud
627 2741 684 2783 nos
707 2719 821 2802 partim
846 2717 991 2794 infamia,
1018 2717 1132 2802 partim

106 2812 237 2875 humilia
258 2822 351 2896 atque
374 2812 414 2877 ab
436 2812 598 2877 honestate
619 2823 740 2877 remota
760 2822 927 2898 ponuntur.
964 2821 1074 2876 contra
1096 2833 1133 2876 ea
1151 2826 1185 2872 o·

106 2907 254 2991 pleraque
271 2907 386 2971 nostris
400 2906 539 2972 moribus
554 2917 626 2971 sunt
644 2908 765 2984 decora,
784 2928 865 2991 quae
878 2906 963 2991 apud
979 2905 1050 2970 illos
1068 2917 1133 2969 tur-

106 3000 159 3084 pia
176 3009 333 3085 putantur.
361 3023 455 3084 quem
473 3001 556 3065 enim
573 3001 788 3066 Romanorum
809 3001 907 3086 pudet
928 3022 1057 3065 uxorem
1075 3001 1133 3064 du-

106 3117 176 3159 cere
194 3094 227 3158 in
245 3095 443 3159 convivium?
465 3105 520 3160 aut
537 3096 625 3160 cuius
643 3118 707 3160 non
728 3104 827 3160 mater
844 3094 978 3159 familias
996 3095 1132 3180 primum

106 3189 209 3253 locum
236 3198 320 3253 tenet
346 3189 472 3254 aedium
494 3197 586 3274 atque
607 3191 640 3254 in
662 3189 839 3254 celebritate
861 3190 1021 3254 versatur?
1047 3190 1164 3272 quod?

106 3283 204 3348 multo
222 3283 258 3346 fit
279 3284 369 3348 aliter
389 3283 423 3347 in
440 3281 584 3349 Graecia.
610 3307 685 3349 nam
706 3304 808 3367 neque
830 3284 863 3347 in
881 3283 1062 3348 convivium·
1077 3283 1132 3346 ad-

106 3376 230 3441 hibetur
251 3378 313 3442 nisi
329 3378 589 3463 propinquorum,
616 3401 718 3463 neque
741 3379 829 3443 sedet
850 3377 911 3442 nisi
932 3377 966 3440 in
986 3376 1131 3441 interiore

106 3480 193 3554 parte
219 3471 358 3549 aedium,
379 3494 466 3555 quae
492 3473 707 3558 gynaeconitis
734 3471 921 3568 appellatur,
949 3493 1011 3554 quo
1037 3493 1130 3535 nemo

107 3564 227 3627 accedit
238 3565 300 3629 nisi
312 3566 487 3651 propinqua
500 3567 685 3653 cognatione
694 3568 886 3631 coniunctus.
907 3565 1027 3630 sedhic
1039 3566 1130 3651 plura
1149 3583 1164 3628 8

106 3658 252 3745 persequi
271 3656 366 3745 [tum]
385 3661 569 3747 magnitudo
591 3661 759 3726 voluminis
782 3659 939 3746 prohibet,
959 3668 1025 3723 tum
1043 3659 1130 3723 festi·
1159 3647 1164 3659 l

106 3750 205 3828 natio,
229 3760 265 3814 ut
282 3775 319 3817 ea
336 3754 504 3839 explicem,
528 3777 608 3838 quse
627 3778 757 3820 exorsus
776 3778 855 3819 sum.
887 3777 983 3838 quare
1001 3755 1042 3818 ad
1058 3775 1130 3838 pro-

105 3845 243 3929 positum
265 3847 426 3914 veniemus
445 3850 526 3913 etin
543 3851 604 3915 hoc
626 3871 818 3935 exponemus
840 3847 919 3913 libro
938 3848 976 3912 de
994 3847 1058 3911 rita
1076 3869 1131 3911 ex-

104 3937 284 4002 cellentium
301 3939 532 4025 imperatorum.

514 4102 723 4111 ...u-m

158 4133 269 4179 dometius
283 4134 362 4189 Nepos.
404 4149 407 4155 ·
