2564 4410
523 264 720 322 CHABRIAS.
1002 274 1005 278 “
1090 256 1132 320 39
1186 258 1188 262 ’

105 386 217 450 vitium
235 382 268 447 in
286 405 338 446 ma
362 380 598 472 nishheristpue
616 376 809 472 digitalibus,
828 382 1133 471 11111111111111116

105 476 496 577 &Quantosne
507 477 547 540 de
563 467 914 560 mesammones
926 479 1069 548 ,61111616
1087 480 1134 543 ri-

105 577 201 648 deant
222 573 330 648 altius3
353 571 707 657 neunmm0,‚aeqm
720 572 1134 660 ‚paupertejenamppm

105 671 182 735 len1
255 654 604 756 ffimffifonunam
629 664 734 748 itaque
749 663 914 743 Chabrias,
933 689 995 750 quo
1014 667 1044 731 61
1061 658 1159 732 1166ἔἰ
1236 734 1241 751 Ι,

129 787 147 828 1
165 811 173 841 ,
192 782 362 846 punmum
380 759 496 824 aberat.
522 781 625 844 neque
641 782 717 846 vero
736 758 822 824 selus
839 759 892 846 1116
910 760 1017 825 aberat
1033 759 1135 827 Athe·
1152 782 1168 826 -r
1254 838 1257 843 Ι

105 858 155 921 nis
173 856 314 932 libenter,
333 854 390 918 sed
403 875 512 919 omnes
530 853 597 918 fere
609 853 765 938 principes
778 852 920 918 fecerunt
933 855 1030 933 idem,
1050 856 1135 939 quod
1200 868 1203 873 '

105 960 228 1015 tantum
252 971 285 1014 16
308 948 347 1014 ab
369 948 487 1013 invidia
508 948 662 1034 putabant
683 948 819 1026 futuros,
847 958 998 1032 quantum
1021 970 1048 1033 a
1062 971 1136 1013 eon·
1158 977 1161 982 ·

106 1053 218 1130 speetu
232 1064 360 1112 suerum
373 1052 576 1107 recesserant.
603 1042 708 1124 itaque
723 1040 836 1106 Conon
852 1042 1021 1127 plurimum
1036 1036 1135 1127 Cypri
1220 1056 1223 1063 '

106 1138 198 1214 vixit,
221 1136 396 1221 Iphicrates
418 1135 452 1198 in
475 1135 625 1212 Thracia,
654 1135 838 1200 Timotheus
860 1137 984 1214 Lesbo,
1013 1135 1134 1201 Chares

108 1232 216 1319 Sigeo
245 1230 406 1294 dissimilis
424 1231 554 1314 quidem
567 1229 687 1295 Chares
705 1231 817 1295 horum
836 1241 867 1296 et
884 1232 975 1296 sactis
994 1242 1025 1296 et
1042 1233 1136 1297 mori-

106 1327 181 1403 bus,
202 1326 258 1390 sed
275 1334 381 1390 tamen
398 1323 533 1391 Athenis
553 1335 584 1390 et
600 1326 770 1390 honoratus
789 1336 820 1390 et
836 1336 958 1411 potens.

161 1418 220 1484 IV.
250 1417 404 1484 Chabrias
423 1421 632 1504 autempe'riit
645 1412 727 1484 bello
747 1420 852 1484 sociali
876 1420 931 1483 tali
952 1421 1055 1484 mode.
1080 1440 1167 1504 ep-1
1229 1422 1235 1429 '

106 1513 292 1600 pugnabant
305 1511 518 1577 Athenienses
529 1511 655 1578 Chium.
676 1515 783 1578 eratin
792 1513 892 1577 classe
904 1512 1058 1578 Chabrias
1072 1514 1136 1599 pri-

105 1617 209 1684 vatus,
225 1606 281 1670 sed
295 1628 414 1682 omnes,
429 1605 525 1688 quiin
536 1607 722 1691 magistratu
731 1616 827 1683 erant,
847 1607 1028 1671 auctoritate
1038 1607 1136 1670 antei·
1180 1637 1183 1643 ·

105 1701 170 1777 bat,
181 1720 316 1781 eumque
326 1699 427 1784 magis
442 1686 565 1774 milites,
580 1721 675 1782 quam
685 1700 739 1783 qui
747 1709 919 1783 praeerant,
934 1700 1134 1785 aspiciebant.
1211 1754 1215 1761 .

106 1813 253 1878 quaeres
268 1792 296 1856 ei
306 1792 477 1865 ‚maturavit
489 1793 631 1856 mortem.
650 1815 724 1856 nam
734 1794 809 1855 dum
818 1793 938 1877 primus
953 1794 1057 1856 studet
1065 1816 1137 1877 per·
1155 1812 1169 1857 2

105 1899 175 1952 tum
188 1889 311 1963 intrare,
326 1884 566 1973 gubernatorem
576 1885 662 1950 iubet
672 1908 709 1951 eo
719 1886 852 1972 dirigere
861 1908 984 1963 navem,
998 1887 1066 1970 ipse
1077 1885 1137 1951 sibi

107 1982 257 2069 perniciei
266 1981 335 2045 fuit.
355 2002 427 2044 cum
442 1980 524 2043 enim
535 2002 572 2044 eo
584 1989 787 2065 penetrasset,
799 1989 919 2044 ceterae
932 2002 996 2044 non
1006 1988 1079 2042 sunt
1089 2001 1137 2043 se-

108 2079 209 2140 cutae.
233 2097 295 2159 que
310 2073 394 2138 facto
408 2073 617 2138 circumfusus
626 2074 764 2139 hostium
779 2078 933 2139 concursu
947 2096 1019 2138 eum
1033 2073 1138 2138 fortis-

107 2171 188 2233 sime
201 2176 364 2255 pugnaret,
376 2168 468 2232 navis
482 2177 584 2232 rostro
596 2190 748 2254 percussa
761 2169 863 2255 eoepit
878 2168 989 2232 sidere.
1007 2168 1080 2232 hinc
1089 2190 1137 2232 re·
1155 2189 1170 2234 3

107 2263 219 2350 fugere
238 2285 310 2327 eum
326 2271 445 2347 posset,
466 2261 493 2324 si
508 2284 542 2326 se
559 2262 593 2325 in
610 2285 695 2326 mare
715 2262 890 2339 deiecisset,
908 2262 993 2345 quod
1012 2261 1138 2326 suberat
1219 2310 1222 2316 .

108 2357 219 2422 classis
234 2350 486 2432 Atheniensium,
505 2377 586 2438 quae
605 2358 762 2441 exciperet
778 2361 935 2431 natantes,
954 2356 1054 2439 perire
1072 2376 1139 2418 ma

106 2450 167 2514 luit
188 2473 283 2534 quam
301 2449 395 2513 armis
419 2447 548 2512 abiectis
565 2471 680 2513 navem
697 2450 888 2532 relinquere,
906 2442 940 2512 in
957 2470 1019 2531 qua
1037 2447 1138 2511 fuerat

108 2553 229 2607 vectus.
247 2543 282 2606 id
291 2541 385 2605 ceteri
393 2541 497 2605 faeere
510 2540 685 2619 noluerunt,
700 2542 755 2625 qui
763 2543 866 2606 nando
875 2542 910 2605 in
918 2549 1020 2605 tutum
1028 2563 1139 2627 perve-
1193 2607 1195 2611 ,

108 2644 232 2701 nerunt.
252 2635 354 2712 atille,
368 2644 528 2719 praestare
541 2635 707 2700 honestam
716 2644 849 2700 mortem
863 2636 1045 2700 existimans
1055 2635 1138 2720 turpi
1256 2649 1259 2657 ’

108 2731 208 2807 vitae,
227 2728 400 2793 comminus
418 2751 565 2815 pugnans
583 2730 654 2794 telis
672 2730 812 2794 hostium
828 2730 1011 2794 interfectus
1031 2736 1088 2793 est.

392 2948 493 3015 XIII.
530 2948 858 3018 TIMOTHEUS.
966 3024 968 3030 ,

161 3105 188 3169 Ι.
217 3103 413 3182 Timotheus,
435 3103 576 3169 Cononis
590 3104 683 3181 filius,
702 3103 918 3169 Atheniensis,
946 3105 997 3168 hie
1015 3129 1034 3168 a
1050 3113 1138 3189 patre
1160 3124 1183 3171 1·

110 3208 272 3284 acceptam
284 3199 416 3285 gloriam
434 3200 540 3263 multis
555 3200 642 3263 auxit
658 3200 835 3264 virtutibus.
863 3200 923 3262 fnit
941 3200 1024 3263 enim
1042 3199 1141 3262 diser·

109 3304 172 3371 tus,
190 3294 333 3380 impiger,
353 3293 540 3371 laboriosus,
558 3294 604 3357 rei
622 3292 764 3357 militaris
777 3294 896 3378 peritus
915 3314 1020 3377 neque,
1035 3292 1139 3356 minus

107 3386 246 3452 civitatis
263 3388 429 3474 regendae.
455 3389 553 3452 multa
574 3388 668 3451 huius
693 3396 765 3451 sunt
781 3387 939 3472 praeclare
961 3386 1059 3464 faeta,
1084 3387 1140 3451 sed
1158 3408 1172 3452 ‘2
1193 3378 1196 3382 ⁵

110 3482 190 3546 haec
207 3481 344 3545 maxime
357 3481 499 3554 illustria.
528 3479 698 3566 Olynthios
713 3490 744 3545 et
757 3480 931 3566 Byzantios
945 3479 1028 3545 bello
1048 3481 1146 3545 subc*

111 3574 169 3661 git.
189 3572 322 3639 Samum
331 3575 422 3660 oepit,
436 3575 470 3638 in
483 3597 546 3660 qua
559 3574 771 3660 oppugnanda
782 3575 939 3658 superiore
948 3575 1031 3640 bello
1040 3573 1141 3639 Athe·
1235 3642 1239 3648 ,

111 3667 237 3732 nienses
251 3668 335 3732 mille
349 3678 380 3733 et
394 3670 527 3733 ducenta
541 3670 657 3733 talenta
670 3677 942 3757 consumpserant²
960 3669 994 3732 id
1007 3668 1058 3731 ille
1074 3666 1141 3730 sine

110 3761 176 3825 ulla
184 3760 310 3845 publiea
321 3763 465 3850 impensa
477 3763 594 3848 populo
606 3762 750 3826 restituit.
771 3762 922 3826 adversus
934 3760 1050 3825 Cotum
1059 3759 1142 3823 bella
1223 3821 1224 3825 ,

111 3855 213 3940 gessit
235 3854 275 3919 ab
299 3877 398 3941 eoque
420 3856 506 3920 mille
529 3864 560 3920 et
581 3856 715 3919 ducenta
737 3855 853 3920 talenta
869 3854 1004 3939 praedae
1027 3851 1061 3915 in
1082 3874 1141 3938 pu-

111 3947 231 4013 blicum
251 3949 364 4014 retulit.
394 3948 548 4037 Cyzicum
570 3948 732 4013 obsidione
753 3948 906 4013 liberavit.
933 3945 1141 4011 Ariobarzani
1160 3965 1174 4012 3

111 4041 208 4106 simul
222 4064 295 4107 cum
307 4041 459 4130 Agesilao
473 4043 589 4110 auxilio
601 4043 762 4130 profectus
776 4051 842 4120 est,
858 4065 879 4105 a
890 4062 955 4123 ouo
967 4040 1152 4103 61111161

296 4292 316 4343 ὅ
