2564 4410
580 210 764 267 CORNELII
780 212 941 268 NEPOTIS

569 704 596 768 1.
631 702 938 770 MILTIADES.

209 904 222 949 1
296 886 322 950 L
350 884 523 961 Miltiades,
543 881 685 949 Cimonis
702 883 800 962 filius,
818 883 1032 963 Atheniensis,
1051 907 1124 950 enm
1142 898 1173 951 et
1191 893 1278 957 anti·

242 980 360 1065 quitate
381 978 507 1066 generis
529 989 560 1043 et
581 979 682 1065 gloria
702 978 857 1043 maiorum
878 988 909 1043 et
931 1003 989 1044 sua
1009 980 1164 1046 modestia
1186 1007 1275 1052 unus

242 1074 382 1139 omnium
402 1074 539 1138 maxime
561 1073 684 1138 floreret
706 1095 806 1157 eaque
828 1082 912 1138 esset
929 1083 1044 1153 aetate,
1066 1085 1184 1140 utnon
1206 1078 1276 1145 iam

242 1168 345 1233 solum
362 1168 402 1233 de
420 1190 458 1232 eo
475 1167 556 1232 bene
574 1189 709 1252 sperare,
728 1167 896 1231 sedetiam
914 1168 1070 1234 confidere
1091 1168 1177 1234 cives
1195 1194 1276 1258 pos-

242 1271 311 1327 sent
323 1261 383 1339 sui,
401 1261 497 1326 talem
509 1283 582 1325 eum
594 1259 745 1338 futurum,
763 1260 889 1343 qualem
901 1262 1061 1347 cognitum
1077 1262 1275 1333 iudicarunt:

241 1355 363 1432 accidit,
381 1364 417 1418 ut
433 1353 646 1418 Athenienses
666 1351 900 1418 Chersonesum
917 1355 1045 1420 colonos
1062 1356 1180 1421 vellent
1196 1361 1274 1424 mit·

206 1465 222 1512 2
240 1460 316 1513 tere.
347 1448 437 1512 cuius
457 1447 582 1534 generis
601 1469 673 1511 eum
690 1470 992 1533 magnusnumerus
1010 1460 1108 1528 esset,
1127 1455 1273 1520 etmulti

241 1543 309 1608 eius
327 1541 561 1628 demigrationis
574 1551 715 1626 peterent
729 1542 920 1620 societatem,
939 1565 979 1607 ex
996 1543 1045 1608 his
1063 1544 1177 1610 delecti
1189 1546 1273 1613 Del-

240 1638 322 1723 phos
345 1636 552 1701 deliberatum
569 1636 764 1715 missisunt,
783 1637 838 1721 qui
855 1637 1053 1703 consulerent
1073 1637 1270 1727 Apollinem,

240 1753 304 1815 quo
328 1730 528 1816 potissimum
553 1730 634 1795 duce
659 1740 828 1796 uterentur.
867 1754 1003 1815 namque
1033 1742 1101 1796 tum
1126 1732 1272 1802 Thraces

240 1848 294 1890 eas
307 1825 453 1911 regiones
467 1823 624 1902 tenebant,
643 1847 716 1889 cum
729 1823 844 1907 quibus
857 1825 952 1889 armis
966 1834 1032 1889 erat
1044 1827 1270 1895 dimicandum.

207 1936 222 1984 3
240 1919 290 1985 his
308 1918 543 1984 consulentibus
565 1918 749 1983 nominatim
766 1916 883 2003 Pythia
899 1919 1071 2004 praecepit,
1094 1930 1131 1984 ut
1147 1920 1271 1989 Miltia-

240 2014 314 2077 dem
334 2013 554 2097 imperatorem
577 2010 638 2077 sibi
659 2021 830 2077 sumerent:
856 2012 891 2076 id
912 2012 940 2077 si
956 2012 1120 2093 fecissent,
1142 2015 1270 2102 incepta

204 2125 222 2171 4
238 2128 389 2192 prospera
409 2105 524 2171 futura.
554 2105 616 2171 hoc
636 2106 754 2172 oraculi
769 2129 922 2192 responso
939 2106 1100 2173 Miltiades
1122 2131 1195 2175 oum
1213 2112 1271 2177 de-

239 2201 321 2265 lecta
337 2222 433 2265 manu
450 2200 552 2266 classe
566 2198 801 2266 Chersonesum
817 2201 977 2286 profectus
995 2223 1068 2267 cum
1080 2205 1269 2271 accessisset

238 2296 399 2360 Lemnum
416 2303 448 2359 et
468 2294 587 2363 incolas
610 2294 678 2360 eius
695 2294 816 2360 insulae
839 2295 898 2361 sub
919 2304 1108 2380 potestatem
1124 2298 1268 2385 redigere

238 2390 333 2455 vellet
354 2388 611 2467 Atheniensium,
637 2389 733 2474 idque
753 2390 882 2455 Lemnii
905 2413 963 2455 sua
984 2401 1095 2475 sponte
1115 2391 1268 2471 facerent,

207 2500 221 2546 o
238 2484 444 2569 postulasset,
467 2484 512 2548 illi
533 2484 696 2549 irridentes
713 2485 955 2569 responderunt,
978 2494 1044 2549 turn
1061 2485 1095 2548 id
1112 2507 1147 2550 se
1164 2485 1269 2568 faetu-

238 2601 305 2657 ros,
333 2601 406 2644 cum
427 2579 479 2644 ifle
501 2580 595 2645 domo
616 2581 750 2646 navibus
776 2581 977 2666 proficiscens
999 2592 1093 2647 vento
1119 2584 1268 2666 aquilone

238 2674 377 2738 venisset
398 2674 567 2738 Lemnum.
608 2674 659 2739 hic
685 2676 769 2740 enim
794 2687 906 2742 ventus
933 2675 973 2742 ab
999 2679 1267 2760 septentrionibus

206 2784 221 2831 o
240 2769 343 2833 oriens
362 2768 530 2833 adversum
548 2778 632 2834 tenet
644 2768 781 2835 Athenis
797 2769 1075 2856 proficiscentibus.
1101 2769 1268 2839 Miltiades

238 2863 382 2927 morandi
399 2873 522 2948 tempus
535 2886 598 2929 non
611 2863 732 2929 habens
745 2887 872 2930 cursum
885 2864 1007 2947 diremit,
1025 2885 1087 2947 quo
1105 2864 1266 2946 tendebat,

238 2956 443 3043 pervenitque
463 2956 706 3023 Chersonesum.

205 3068 219 3115 1
288 3050 334 3116 Π.
361 3050 413 3115 Ibi
431 3050 520 3116 brevi
537 3062 677 3137 tempore
694 3052 899 3119 barbarorum
916 3052 1013 3138 copiis
1032 3052 1180 3132 disiectis,
1198 3065 1267 3120 tota

237 3146 376 3232 regione,
395 3167 491 3229 quam
507 3145 648 3231 petierat,
666 3147 794 3232 potitus,
812 3148 883 3213 loca
900 3146 1036 3212 castellis
1054 3146 1167 3213 idonea
1179 3170 1266 3213 com-

239 3240 360 3318 muniit,
378 3239 618 3318 multitudinem,
638 3263 733 3325 quam
755 3262 862 3306 secum
880 3241 1025 3319 duxerat,
1047 3241 1081 3305 in
1097 3243 1182 3328 agris
1201 3244 1266 3309 col-

205 3349 220 3397 a
238 3332 354 3399 locavit
366 3334 545 3418 crebrisque
559 3334 795 3400 excursionibus
807 3334 1018 3420 locupletavit.
1044 3357 1146 3419 neque
1160 3336 1266 3402 minus

239 3427 273 3491 in
290 3449 328 3492 ea
344 3450 378 3492 re
395 3429 561 3514 prudentia
578 3451 673 3513 quam
690 3429 838 3495 fehcitate
861 3429 986 3494 adiutus
1004 3439 1062 3495 est.
1096 3454 1171 3495 nam
1192 3453 1267 3497 eum

240 3520 355 3585 virtute
364 3522 498 3587 militum
507 3522 676 3588 devicisset
687 3523 827 3588 hostium
841 3523 1006 3602 exercitus,
1021 3547 1146 3589 summa
1158 3527 1267 3609 aequi·

240 3624 303 3681 tate
329 3637 379 3680 res
410 3616 570 3682 constituit
599 3627 692 3701 atque
722 3618 791 3703 ipse
816 3616 934 3683 ibidem
964 3641 1090 3683 manere
1116 3619 1263 3685 decrevit

207 3721 306 3777 serat
324 3710 406 3776 enim
428 3711 509 3775 inter
531 3734 586 3777 eos
607 3712 758 3799 dignitate
780 3713 880 3800 regia,
904 3714 1047 3796 quamvis
1066 3714 1192 3781 carebat
1208 3736 1266 3778 no·

240 3805 336 3883 mine,
360 3826 463 3889 neque
484 3805 517 3870 id
535 3807 637 3892 magis
659 3806 791 3892 imperio
813 3830 909 3892 quam
929 3807 1048 3873 iustitia
1066 3820 1263 3874 consecutus.

239 3922 341 3984 neque
364 3923 401 3965 eo
425 3901 528 3966 secius
545 3899 808 3981 Atheniensibus,
831 3903 983 3986 aquibus
1005 3914 1071 3971 erat
1092 3904 1263 3990 profectus,

240 3992 345 4060 officia
373 3994 561 4081 praestabat.
608 3996 721 4080 quibus
746 3996 841 4063 rebus
867 3996 976 4074 fiebat,
1003 4009 1037 4063 ut
1066 4020 1131 4063 non
1160 3999 1264 4064 minus
