2564 4410
144 226 184 291 16
476 236 657 294 CORNELII
669 239 832 296 Naroma
896 290 902 302 .

141 353 297 440 repentini
313 352 442 416 consilii.
478 351 551 416 huic
572 352 638 431 ille,
662 354 737 436 quid
759 376 799 418 ex
818 354 928 420 litteris
951 357 1168 441 comperisset,

108 471 123 517 6
142 447 250 532 aperit.
281 446 375 510 modo
396 445 498 531 magis
520 445 694 511 Pausanias
716 445 915 532 perturbatus
938 471 1026 515 orare
1052 452 1167 537 eoepit,

19 588 25 599 .
140 563 181 604 ne
208 540 381 604 enuntiaret
406 561 465 603 nec
488 561 522 604 se
548 541 694 604 meritum
720 541 759 605 de
783 541 837 606 illo
864 544 979 628 optime
1005 545 1167 629 proderet:

141 634 254 717 quodsi
271 655 341 698 eam
358 633 482 697 veniam
500 631 560 697 sibi
578 633 715 699 dedisset
733 637 889 719 tantisque
905 636 1102 723 implicatum
1118 660 1168 704 re-

140 727 200 792 bus
220 726 424 804 sublevasset,
442 749 558 812 magno
576 727 605 790 ei
621 728 760 812 praemio
777 728 927 794 futurum.

1 856 22 884 ,-
108 845 120 890 1
192 821 232 888 V.
258 822 323 888 His
340 821 434 886 rebus
453 820 562 906 ephori
579 821 711 908 cognitis
735 823 832 887 satius
850 833 1012 909 putarunt,
1035 825 1069 888 in
1086 824 1167 892 urbe

141 938 213 980 eum
231 914 460 999 comprehendi.
488 935 550 996 quo
568 936 640 978 oum
657 926 763 979 essent
778 916 920 1000 profecti,
939 927 971 982 et
987 917 1164 985 Pausanias

139 1010 264 1095 placato
281 1007 419 1094 Argilio,
442 1017 478 1071 ut
499 1006 639 1093 putabat,
657 1009 930 1074 Lacedaemonem
947 1020 1163 1090 reverteretur,

139 1104 172 1167 in
189 1103 311 1180 itinere,
331 1125 403 1166 cum
419 1103 483 1166 iam
499 1103 533 1166 in
551 1124 588 1166 eo
606 1112 703 1181 esset,
722 1113 757 1167 ut
775 1104 1102 1189 comprehenderetur,
1125 1128 1164 1170 ex

139 1197 229 1261 vultu
246 1197 410 1261 cuiusdam
427 1196 544 1281 ephori,
563 1197 618 1278 qui
635 1219 708 1260 eum
725 1197 886 1261 admoneri
904 1197 1063 1283 cupiebat,
1087 1198 1164 1265 insi-

104 1312 120 1358 a
140 1292 207 1356 dias
222 1289 282 1356 sibi
295 1289 363 1354 fieri
375 1288 535 1353 intellexit.
562 1289 667 1372 itaque
680 1290 789 1375 paucis
802 1299 874 1354 ante
887 1290 1047 1377 gradibus,
1066 1312 1164 1374 quam

139 1386 283 1468 quicum
301 1381 519 1466 sequebantur,
537 1382 570 1445 in
588 1382 698 1446 aedem
710 1382 883 1461 Minervae,
902 1407 982 1468 quae
997 1383 1164 1450 Chalcioe-

139 1501 193 1543 cos
212 1487 349 1554 vocatur,
369 1475 518 1561 confugit
546 1475 620 1540 hinc
635 1498 676 1541 ne
694 1477 777 1541 exire
794 1486 911 1562 posset,
930 1478 1036 1542 statim
1053 1478 1163 1564 ephori

138 1572 247 1637 valvas
270 1571 337 1635 eius
360 1571 446 1636 aedis
469 1568 691 1634 obstruxerunt
713 1581 891 1655 tectumque
915 1581 988 1637 sunt
1010 1572 1161 1648 demoliti,

58 1704 60 1709 ·
104 1688 202 1749 aquo
224 1664 355 1729 celerius
379 1662 437 1729 sub
461 1663 533 1728 divo
555 1664 702 1729 interiret.
729 1665 854 1743 dicitur,
879 1687 916 1729 eo
934 1675 1074 1749 tempore
1096 1688 1163 1730 ma-

138 1770 216 1824 trem
225 1758 402 1824 Pausaniae
415 1758 532 1823 vixisse
546 1780 678 1841 eamque
690 1759 753 1822 iarn
766 1781 881 1844 magno
894 1769 979 1834 natu,
993 1767 1163 1843 postquam

138 1854 177 1918 de
196 1853 312 1918 scelere
329 1852 386 1916 filii
403 1852 567 1937 comperit,
589 1853 623 1915 in
640 1852 748 1937 primis
771 1853 812 1916 ad
832 1852 931 1917 filium
953 1852 1162 1917 claudendum

102 1971 119 2015 4
137 1948 273 2032 lapidem
295 1946 336 2010 ad
357 1946 517 2009 introitum
539 1944 625 2010 aedis
648 1945 798 2010 attulisse.
831 1946 876 2010 sic
896 1944 1074 2011 Pausanias
1096 1968 1164 2011 ma·
1190 2026 1193 2031 ¹

50 2036 53 2049 '
137 2064 233 2126 gnam
250 2039 325 2104 belli
342 2038 474 2125 gloriam
492 2038 575 2123 turpi
592 2047 691 2104 morte
708 2039 885 2104 maculavit.
913 2038 964 2103 hio
978 2061 1050 2103 oum
1068 2040 1164 2105 semi-

137 2133 249 2197 animis
268 2133 307 2196 de
325 2131 441 2218 templo
460 2131 559 2197 elatus
578 2142 670 2209 esset,
690 2133 856 2197 confestim
877 2133 1014 2198 animam
1031 2133 1161 2199 efflavit.

102 2251 118 2296 5
138 2227 226 2291 cuius
249 2225 363 2291 mortui
385 2249 499 2311 corpus
522 2249 593 2290 cum
612 2227 723 2290 eodem
740 2226 880 2292 nonnulli
898 2228 1036 2292 dicerent
1052 2228 1163 2293 inferri

138 2331 288 2406 oportere,
307 2343 369 2405 quo
387 2322 423 2398 ii,
443 2321 497 2405 qui
514 2322 555 2386 ad
573 2321 761 2407 supplicium
778 2330 883 2387 essent
900 2322 979 2399 dati,
1002 2322 1163 2407 displicuit

137 2416 290 2501 pluribus,
310 2425 341 2480 et
353 2416 462 2502 procul
475 2415 515 2481 ab
525 2439 562 2482 ao
575 2416 644 2482 loco
653 2416 841 2495 infoderunt,
863 2439 925 2501 quo
940 2426 1005 2481 erat
1017 2425 1162 2484 mortuus

136 2510 208 2575 inde
225 2511 381 2595 posterius
389 2510 539 2596 Delphici
556 2533 707 2596 responso
726 2521 831 2576 erutus
850 2521 943 2595 atque
961 2510 1074 2575 eodem
1090 2511 1162 2597 loco
1199 2586 1203 2593 ,

136 2603 277 2690 sepultus
297 2602 385 2690 [est],
404 2604 459 2670 ubi
477 2606 573 2668 vitam
590 2613 746 2688 posuerat.
1198 2602 1203 2625 ‘

511 2823 552 2888 V.
590 2822 786 2891 CIMON.

104 3001 115 3045 1
187 2978 214 3042 Ι.
244 2978 366 3055 Cimon,
381 2977 535 3042 Miltiadis
553 2978 645 3056 filius,
659 2977 873 3056 Atheniensis,
892 2979 970 3044 duro
988 2979 1162 3047 admodum

135 3073 222 3138 initio
244 3095 321 3137 usus
345 3082 393 3136 est
415 3072 651 3137 adolescentiae.
686 3097 760 3138 nam
782 3096 854 3137 cum
874 3084 963 3158 pater
980 3074 1048 3140 eius
1071 3076 1161 3143 litem

136 3168 332 3233 aestimatam
345 3167 461 3252 populo
480 3167 599 3230 solvere
617 3189 681 3231 non
697 3168 851 3253 potuisset
864 3166 904 3232 ob
922 3190 1055 3252 eamque
1068 3192 1162 3237 caus-

135 3285 203 3327 sam
220 3262 253 3327 in
270 3261 380 3326 vinclis
397 3260 532 3345 puhlicis
550 3261 745 3340 decessisset,
762 3261 875 3327 Cimon
893 3262 1003 3326 eadem
1017 3264 1162 3330 custodia
1204 3306 1206 3349 t

134 3354 305 3432 tenebatur,
323 3377 425 3439 neque
443 3354 566 3441 legibus
575 3353 822 3421 Atheniensibus
837 3357 935 3421 emitti
948 3365 1080 3442 poterat,
1098 3358 1162 3424 nisi
1203 3368 1206 3443 t

100 3449 313 3534 apecuniam,
341 3471 404 3532 qua
428 3459 518 3534 pater
542 3449 692 3514 multatus
719 3444 798 3528 erat,
826 3451 981 3516 solvisset.
1020 3450 1161 3518 habehat
1202 3458 1206 3551 j

134 3551 239 3606 autem
259 3542 293 3605 in
314 3543 511 3607 matrimonio
534 3566 671 3608 sororem
697 3566 878 3631 germanam
901 3567 1003 3622 suam,
1031 3546 1160 3611 nomine
1201 3560 1206 3591 ⁴

133 3636 310 3721 Elpinicen,
329 3659 394 3701 non
411 3637 511 3723 magis
531 3660 635 3702 amore
654 3660 748 3720 quam
765 3660 851 3702 more
869 3638 992 3703 ductus.
1019 3661 1159 3723 namque

100 3753 115 3799 3
134 3729 383 3795 Atheniensibus
400 3729 472 3794 licet
486 3732 595 3795 eodem
613 3741 700 3817 patre
718 3740 807 3796 natas
821 3754 934 3796 uxores
949 3731 1071 3796 ducere.
1099 3733 1160 3797 hu-

132 3827 181 3890 ius
205 3824 342 3911 coniugii
363 3825 495 3910 cupidus
515 3824 632 3891 Callias
650 3827 791 3910 quidam,
814 3848 878 3889 non
900 3834 964 3890 tarn
981 3848 1157 3912 generosus

132 3940 227 4000 quarn
244 3919 446 4005 pecuniosus,
469 3920 523 4001 qui
541 3943 671 4006 magnas
692 3919 842 4006 pecunias
860 3941 901 3983 ex
921 3917 1054 3985 metallis
1073 3920 1159 3985 fece·
1192 3960 1201 3981 .

131 4021 193 4091 rat,
221 4014 286 4099 egit
308 4036 380 4078 cum
399 4011 545 4092 Cimone,
568 4023 603 4078 ut
625 4021 694 4079 eain
717 4014 777 4078 sibi
799 4036 928 4079 uxorem
950 4014 1051 4078 daret:
1078 4013 1112 4079 id
1130 4013 1157 4079 si
