2564 4410
138 234 180 299 14
472 241 656 299 conunnn
668 242 832 325 usrofns

136 363 181 427 ita
202 383 319 449 magna
340 382 437 424 manu
460 356 612 424 Graeciae
633 357 763 445 fugatus
786 367 848 437 est,
876 380 979 451 eoque¹
1001 358 1072 445 ipse
1100 360 1169 427 dux

105 470 120 516 3
139 455 250 522 cecidit
267 451 394 539 proelio.
422 475 485 536 qua
501 452 631 517 victoria
649 454 748 517 elatus
761 452 897 538 plurima
913 453 1045 519 miscere
1059 455 1169 541 coepit

136 558 168 614 et
185 548 303 613 maiora
321 546 551 632 concupiscere.
580 547 637 610 sed
657 547 795 631 primum
815 546 849 611 in
866 569 904 612 eo
927 555 975 612 est
994 548 1168 633 reprehen-

137 665 201 719 sus,
220 642 319 725 quod,
342 663 414 705 cum
436 663 477 705 ex
493 640 611 725 praeda
633 641 787 725 tripodem
805 663 935 707 aureum
950 640 1090 729 Delphis
1108 664 1167 729 po-

136 737 264 813 suisset,
288 735 511 821 epigrammate
530 735 659 820 scripto,
682 736 715 799 in
733 757 795 820 quo
813 745 880 801 erat
901 735 980 801 haee
998 737 1167 816 sententia,

136 852 194 895 suo
212 831 309 894 ductu
330 828 480 894 barbaros
504 828 589 914 apud
605 827 753 895 Plataeas
775 852 846 895 esse
869 830 1003 909 deletos,
1031 830 1165 917 eiusque

100 924 284 990 avictoriae
302 944 377 1010 ergo
396 922 538 1008 Apollini
560 923 677 988 donum
695 924 831 1002 dedisse,
853 924 912 991 hos
929 918 1041 1013 versus
1058 925 1167 997 Lace-

135 1017 292 1083 daemonii
309 1017 546 1102 exsculpserunt
563 1038 665 1102 neque
683 1017 769 1082 aliud
787 1017 979 1104 scripserrmt
991 1041 1090 1102 quam
1107 1042 1165 1087 no·

135 1112 345 1176 minaeorum
363 1111 534 1188 civitatum,
553 1132 686 1195 quarum
704 1111 820 1176 auxilio
833 1111 951 1178 Persae
969 1121 1058 1177 erant
1075 1113 1161 1179 vieti,

102 1226 115 1270 1
168 1205 243 1275 ·11.‚
262 1203 341 1270 Post
362 1205 396 1271 id
416 1203 571 1291 proelium
593 1204 729 1269 eundem
750 1204 943 1271 Pausaniam
964 1228 1037 1270 cum
1059 1206 1164 1273 classe

135 1299 293 1365 communi
312 1298 454 1384 Cyprum
481 1309 575 1382 atque
596 1298 840 1384 Hellespontum
866 1302 1032 1381 miserunt,
1050 1312 1097 1369 ut
1122 1324 1165 1369 ex

100 1413 115 1459 a
134 1394 184 1460 his
202 1392 383 1479 regionibus
401 1391 605 1458 barbarorum
622 1394 779 1479 praesidia
796 1395 974 1481 depelleret.
1005 1397 1077 1482 par-i
1093 1396 1165 1463 feli·

133 1488 226 1552 citate
248 1488 281 1551 in
303 1509 341 1551 ea
361 1509 396 1552 re
417 1510 495 1553 usus
517 1488 628 1553 elatius
652 1511 686 1553 se
707 1511 816 1575 gerere
839 1491 942 1576 eoepit
964 1491 1164 1575 maioresque

133 1593 279 1669 appetere
297 1604 357 1647 res.
384 1605 458 1647 nam
472 1605 544 1647 cum
557 1583 714 1669 Byzantio
728 1597 908 1672 expugnato
923 1586 1060 1672 cepisset
1078 1608 1165 1652 com·

133 1677 238 1785 plures
251 1675 421 1742 Persarum
438 1676 610 1743 nobilest
578 1687 672 1788 atque
689 1679 722 1742 in
739 1678 789 1744 his
803 1680 969 1746 nonnullos
986 1680 1072 1767 regis
1089 1690 1170 1771 pro-'

132 1770 277 1856 pinquos‚
296 1770 355 1836 hos
374 1769 456 1836 clam
464 1772 569 1837 Xerxi
585 1774 715 1851 remisit,
693 1773 898 1851 tsimulans,
917 1796 957 1839 ex
973 1774 1086 1840 vinclis
1104 1798 1164 1861 pu-

132 1864 223 1930 blicis
246 1865 411 1974 effugisse,
436 1876 467 1930 et
489 1888 561 1931 oum
583 1867 633 1932 his
653 1864 835 1954 Gongylum
853 1867 1083 1951 Eretriensem,
1108 1871 1163 1955 qui

132 1959 168 2023 lit
155 1969 250 2024 tteras
267 1982 336 2046 regi
326 1959 496 2024 redderet
484 1973 510 2037 t,
532 1961 566 2024 in
584 1960 699 2045 quibus
720 1962 799 2026 haec
816 1962 916 2028 fuisse
938 1963 1178 2049 scripta.Thn-'

100 2071 114 2117 3
134 2053 263 2138 eydides
273 2055 441 2119 memoriae
449 2054 599 2140 prodidit:
619 2055 824 2136 „Pausanias,
844 2057 910 2122 dux
920 2055 1064 2144 Spartae,
1080 2081 1163 2143 quos

133 2147 281 2232 Byzantii
299 2157 433 2233 ceperat,
451 2158 618 2234 postquam
631 2151 823 2236 propinquos
839 2161 910 2217 tuos
929 2152 1087 2238 cognovit,
1105 2152 1164 2219 tibi

133 2242 255 2305 muneri
268 2241 362 2320 misit,
378 2264 474 2326 seque
487 2253 592 2308 tecum
605 2244 755 2309 affinitate
769 2245 918 2331 coniungi
932 2247 1027 2332 eupit.
1050 2268 1161 2331 quare,

98 2355 114 2400 4
133 2335 161 2402 si
178 2335 236 2402 tibi
252 2337 388 2415 videtur,
412 2339 468 2403 des
490 2338 520 2404 ei
536 2337 635 2403 filiam
656 2349 744 2405 tuam
760 2350 903 2425 nuptum.
934 2340 968 2405 id
990 2340 1018 2404 si
1034 2339 1161 2420 feceris,

133 2442 164 2496 et
183 2429 331 2518 Spartam
349 2442 380 2498 et
398 2442 533 2501 ceteram
552 2430 719 2501 Graeciam
738 2434 828 2500 subt
815 2444 902 2500 tuam
918 2456 960 2521 po
962 2443 1108 2501 testatem
1126 2458 1175 2511 se,

134 2527 336 2592 adiuvantet
284 2529 570 2594 eteredacturum
591 2530 764 2615 pollicetur.
796 2530 846 2594 his
864 2530 904 2595 de
925 2529 1063 2595 rebus
1038 2530 1163 2614 siquid

132 2642 200 2707 gen
190 2620 367 2699 volueris,
391 2633 510 2686 eertum
526 2623 685 2688 hominem
707 2623 839 2689 adeum
853 2624 962 2689 mittas
980 2623 1064 2702 face,
1088 2647 1162 2690 oum

99 2732 114 2778 5
132 2736 195 2799 quo
214 2713 449 2800 colloquaturf‘
464 2739 521 2781 rex
538 2726 584 2781 tot
538 2704 763 2783 thominum
777 2717 877 2783 salute
895 2728 960 2784 tam
974 2700 1034 2784 sibi
1050 2742 1164 2786 neces-

47 2874 51 2879 .
133 2810 286 2875 sariorum
307 2833 498 2897 magnopere
519 2811 649 2897 gavisus
668 2811 835 2887 confestim
857 2834 930 2877 cum
947 2811 1080 2898 epistola
1096 2814 1164 2879 Ar-

76 2944 78 2949 ·
132 2904 281 2971 tabazum
298 2906 338 2970 ad
347 2905 609 2970 Pausaniam
552 2906 609 2970 mit
609 2907 655 2985 tit,
674 2907 707 2970 in
720 2929 783 2990 qua
796 2929 869 2972 eum
881 2906 1053 2985 collaudat,
1069 2909 1161 2993 petit,

132 3020 172 3062 ne
190 2998 241 3062 cui
258 2998 304 3063 rei
321 3008 439 3108 parcat·
445 2999 487 3063 ad
504 3021 542 3063 ea
559 2999 732 3078 efficienda,
751 3022 832 3084 quae
850 3000 1025 3087 pollicetur·
1045 3001 1072 3066 si
1090 3023 1163 3088 per-

100 3108 114 3155 6
132 3091 251 3170 fecerit,
265 3091 382 3165 nullius
395 3092 441 3157 rei
454 3116 473 3157 a
488 3115 523 3158 se
535 3090 694 3178 repula'om
706 3095 750 3159 lat
738 3105 852 3158 turum.
880 3096 973 3159 huius
981 3094 1162 3163 Pausanias

132 3186 292 3262 voluntate
311 3187 437 3272 cognita
454 3186 585 3252 alacrior
601 3188 642 3252 ad
658 3210 725 3252 rem
747 3189 918 3274 gerendam
934 3188 1037 3253 factus
1055 3189 1090 3255 in
1108 3213 1163 3256 su-

134 3281 305 3366 spicionem
323 3281 434 3346 cecidit
442 3282 776 3348 Lacedaemoniorum.
804 3283 913 3367 inquo
931 3283 1015 3347 facto
1029 3283 1163 3349 domum

131 3386 311 3454 revocatus,
339 3385 504 3442 accusatus
524 3376 648 3462 capitis,
676 3376 861 3456 absolvitur,
887 3371 1036 3441 multatur
1053 3387 1162 3443 tamen

132 3469 280 3554 pecunia3
303 3491 399 3553 quam
416 3469 456 3535 ob
476 3492 622 3536 caussam
640 3471 681 3536 ad
699 3471 833 3538 classem
849 3472 1001 3536 remissus
1018 3494 1083 3536 uon
1101 3482 1160 3537 est.

101 3585 113 3630 1
185 3561 246 3627 111.
277 3562 324 3628 At
344 3563 397 3628 ille
418 3574 492 3650 post
513 3586 577 3629 non
598 3564 697 3630 multo
719 3588 777 3631 sua
795 3575 906 3674 sponte
928 3566 969 3630 ad
986 3566 1105 3631 exercit
1105 3589 1162 3631 um

132 3655 225 3722 rediit
247 3666 278 3721 et
294 3655 339 3722 ibi
356 3680 420 3722 non
437 3658 564 3737 callida,
583 3659 640 3724 sed
658 3660 794 3725 dementi
811 3632 931 3725 ratione
949 3659 1086 3746 cogitata
1103 3683 1162 3746 pa-

133 3750 248 3817 tefecit
275 3775 339 3817 non
360 3752 444 3817 enim
460 3754 698 3839 morespatn'os
718 3755 829 3831 solum,
849 3753 1018 3819 sedetiam
1040 3754 1161 3819 cultum

99 3856 115 3913 'a
133 3846 344 3930 vestitumque
362 3847 504 3912 mutavit.
530 3858 682 3933 apparatu
699 3848 786 3939 regio
804 3858 839 3913 ut
827 3847 911 3913 tebat
899 3856 957 3926 tur,
980 3856 1051 3913 vest
1051 3871 1069 3913 e
1038 3847 1160 3913 tMe·

134 3941 218 4020 dica;
237 3941 386 4008 satellites
400 3940 495 4023 Medi·
508 3951 539 4006 et
555 3941 708 4029 Aegyptii
726 3942 949 4026 sequebantur3
972 3941 1161 4029 epulabatur

134 4056 221 4101 more
247 4035 417 4125 Persarum
441 4036 632 4113 luxuriosius
660 4060 769 4139 quam,
792 4037 846 4121 qui
868 4039 1009 4114 aderant,
1036 4038 1161 4124 perpeti
