2564 4410
483 243 695 301 HAMILCAR.
1061 238 1102 304 75

73 372 133 429 est.
160 362 262 448 primo
279 359 463 425 mercenarii
475 359 600 438 milites,
619 359 674 444 qui
691 360 843 426 adversus
852 361 1014 430 Romanos
1033 367 1102 431 fue·
1120 389 1135 436 2

72 467 158 535 rant,
186 455 398 532 desciverunt,
426 475 559 538 quorum
581 476 730 519 numerus
753 465 819 521 erat
836 455 948 543 viginti
968 460 1100 525 milium.

73 552 107 616 hi
125 560 222 615 totam
240 548 456 614 abalienarunt
472 547 625 625 Africam,
642 548 747 634 ipsam
761 547 985 638 Carthaginem
1002 576 1102 639 oppu-

72 655 219 732 gnarunt.
246 642 361 728 quibus
374 642 466 706 malis
480 642 559 707 adeo
574 651 647 707 sunt
659 641 761 708 Poeni
776 645 940 729 perterriti,
958 656 994 712 ut
1007 648 1101 734 etiam
1119 671 1135 719 a
1243 626 1247 635 .

72 738 193 804 auxilia
210 737 249 803 ab
266 735 419 801 Romanis
437 734 597 820 petierint3
616 757 715 821 eaque
731 736 945 823 impetrarunt.
973 741 1029 806 sed
1047 763 1102 807 ex-

73 843 189 908 tremo,
221 853 292 896 cum
317 851 416 916 prope
441 830 504 895 iam
531 829 572 894 ad
598 829 849 916 desperationem
874 835 1099 919 pervenissent,

74 925 289 991 Hamilcarem
310 923 529 1008 imperatorem
550 923 701 990 fecerunt.
731 923 759 990 is
782 948 846 991 non
868 926 970 992 solum
992 927 1100 994 hostes
1118 952 1136 998 4

75 1043 96 1083 a
118 1019 216 1084 muris
235 1017 436 1104 Carthaginis
453 1017 600 1095 removit,
625 1040 697 1083 oum
715 1020 849 1105 amplius
868 1030 994 1086 centum
1014 1023 1101 1087 milia

75 1115 159 1179 facta
172 1121 278 1178 essent
291 1121 490 1190 armatorum,
509 1111 674 1177 sedetiam
687 1135 724 1178 eo
738 1113 898 1200 compulit,
912 1124 948 1180 ut
960 1114 1101 1182 locorum

74 1202 230 1296 angusfris
248 1206 348 1273 clausi
360 1207 467 1292 plures
484 1207 569 1272 fame
582 1229 678 1291 quam
695 1207 778 1274 ferro
796 1209 966 1274 interirent.
994 1212 1100 1276 omnia

75 1304 193 1390 oppida
209 1302 393 1381 abalienata,
412 1303 446 1367 in
462 1302 512 1368 his
525 1302 654 1368 Uticam
672 1312 765 1387 atque
783 1302 975 1390 Hipponem,
993 1305 1100 1371 valen-

75 1400 197 1464 tissima
214 1397 309 1464 totius
319 1397 458 1475 Africae,
476 1397 612 1462 restituit
627 1398 756 1483 patriae.
783 1420 885 1483 neque
903 1421 940 1464 eo
953 1399 1014 1464 fuit
1027 1421 1102 1466 con·
1120 1418 1135 1467 5

11 1500 15 1505 ’
75 1502 194 1570 tentus,
223 1492 280 1556 sed
306 1491 401 1556 etiam
424 1490 504 1555 fines
529 1491 653 1577 imperii
673 1493 872 1579 propagavit,
904 1502 969 1558 tota
990 1492 1103 1558 Africa

74 1596 197 1653 tantum
215 1585 314 1651 otium
330 1583 479 1661 reddidit,
505 1593 538 1647 ut
554 1585 676 1648 nullum
698 1586 733 1649 in
749 1608 787 1651 ea
809 1585 926 1651 bellum
943 1588 1102 1653 videretur

74 1680 181 1746 multis
200 1677 290 1742 annis
308 1676 418 1742 fuisse.

126 1772 189 1837 ΠΙ.
216 1771 326 1837 Rebus
343 1770 393 1836 his
412 1792 452 1837 ex
470 1771 625 1853 sententia
649 1773 784 1858 peractis
806 1773 915 1838 fidenti
933 1774 1036 1841 animo
1055 1784 1102 1840 at·
1120 1797 1133 1843 1
1241 1819 1244 1825 ·

73 1890 136 1954 que
153 1865 269 1932 infesto
286 1865 450 1943 Romanis,
469 1887 533 1950 quo
550 1865 676 1930 facilius
695 1888 840 1932 caussam
857 1866 995 1932 bellandi
1012 1890 1102 1954 repe-

74 1963 162 2040 riret,
191 1959 308 2038 effecit,
337 1969 370 2024 ut
399 1960 568 2045 imperator
594 1981 670 2025 cum
693 1961 831 2027 exercitu
855 1961 889 2026 in
910 1961 1101 2049 Hispaniam

75 2057 258 2132 mitteretur,
277 2075 377 2139 eoque
391 2075 498 2119 secum
512 2054 601 2119 duxit
613 2054 713 2121 filium
722 2054 936 2121 Hannibalem
950 2066 1102 2121 annorum
1226 2056 1229 2061 ’

75 2171 199 2216 novem.
227 2157 294 2212 erat
311 2155 472 2233 praeterea
489 2169 562 2213 cum
576 2170 614 2214 eo
627 2147 809 2215 adolescens
827 2149 966 2229 illustris,
985 2150 1102 2216 formo-
1120 2171 1134 2218 2

75 2268 146 2323 sua,
164 2242 362 2321 Hasdrubal,
385 2265 481 2327 quem
503 2244 644 2310 nonnulli
666 2244 755 2331 diligi
772 2244 908 2330 turpius,
931 2267 1026 2329 quam
1043 2268 1102 2331 par

76 2350 151 2418 erat,
171 2338 211 2404 ab
229 2337 411 2403 Hamilcare
428 2337 646 2423 loquebantur.
673 2360 738 2404 non
755 2340 839 2403 enim
856 2339 1001 2409 maledici
1015 2348 1101 2405 tanto

75 2434 143 2499 viro
162 2434 272 2498 deesse
289 2441 442 2517 poterant.
470 2453 534 2516 quo
551 2433 671 2497 factum
689 2442 750 2510 est,
768 2443 804 2497 ut
822 2456 841 2497 a
857 2433 1017 2518 praefecto
1034 2455 1111 2497 mo-¹

74 2551 146 2594 rum
163 2525 347 2592 Hasdrubal
373 2547 446 2591 cum
473 2547 510 2591 eo
536 2535 695 2592 vetaretur
720 2548 800 2592 esse.
835 2526 909 2592 huic
930 2526 983 2608 ille
1005 2525 1101 2591 filiam

76 2642 168 2689 suam
193 2620 228 2686 in
253 2619 485 2685 matrimonium
512 2619 611 2697 dedit,
638 2620 724 2705 quod
745 2619 885 2686 moribus
908 2642 1016 2685 eorum
1038 2642 1102 2685 non

74 2724 198 2802 poterat
219 2713 362 2779 interdici
385 2735 492 2780 socero
515 2736 641 2801 genero.
678 2715 717 2780 de
739 2714 800 2780 hoc
821 2714 893 2779 ideo
911 2715 1102 2779 mentionem
1120 2736 1134 2782 3

74 2807 219 2885 fecimus,
238 2806 324 2891 quod
332 2805 514 2873 Hamilcare
532 2807 637 2874 occiso
654 2807 706 2871 ille
720 2807 870 2872 exercitui
886 2806 1023 2893 praefuit
1035 2806 1102 2871 res-

74 2924 137 2988 que
153 2923 286 2988 magnas
299 2901 399 2989 gessit
412 2911 443 2966 et
455 2901 601 2986 princeps
616 2901 780 2988 largitione
793 2910 935 2966 vetustos
952 2901 1107 2987 pervertit
1183 2976 1185 2981 ,
1230 2988 1236 2994 .

74 3019 180 3064 mores
195 2995 504 3083 Carthaginiensium
522 2996 724 3081 eiusdemque
741 3005 814 3082 post
830 3004 964 3061 mortem
977 2995 1103 3060 Hanni-

75 3096 129 3162 bal
147 3093 188 3162 ab
207 3094 345 3160 exercitu
362 3092 483 3180 accepit
500 3092 676 3179 imperium.

126 3188 187 3255 [V.
212 3187 260 3253 At
276 3187 448 3266 Hamilcar,
467 3197 672 3273 posteaquam
690 3209 776 3252 mare
794 3186 916 3251 transiit
933 3184 968 3249 in
983 3183 1102 3269 Hispa·
1121 3208 1134 3251 1

74 3285 223 3368 uiamque
240 3277 334 3360 venit,
353 3305 485 3369 magnas
502 3303 553 3347 res
572 3281 711 3347 secunda
727 3281 828 3367 gessit
845 3280 983 3356 fortuna3
1002 3277 1102 3341 maxi-

74 3401 145 3445 mas
158 3377 477 3461 bellicosissimasque
491 3386 601 3464 gentes
616 3375 756 3463 subegit3
776 3374 875 3459 equis,
895 3373 999 3450 armis,
1014 3371 1100 3450 viris,

74 3472 210 3558 pecunia
230 3482 329 3540 totam
349 3470 551 3557 locupletavit
567 3470 721 3536 Africam.
753 3469 805 3534 hic
827 3490 900 3533 cum
921 3468 954 3532 in
975 3466 1134 3532 Italiama

74 3567 194 3633 bellum
206 3567 322 3633 inferre
335 3565 544 3643 meditaretur,
559 3586 642 3630 nono
656 3585 748 3642 anno,
762 3571 930 3649 postquam
942 3560 1102 3646 inHispa-

75 3661 162 3727 niam
178 3669 315 3739 venerat,
333 3660 368 3725 in
383 3658 501 3746 proelio
519 3681 664 3746 pugnans
683 3658 836 3723 adversus
849 3654 1002 3722 Vettones
1021 3653 1102 3719 occi.

76 3777 130 3821 sus
153 3764 212 3820 est.
238 3755 333 3820 huius
355 3763 541 3841 perpetuum
562 3754 670 3818 odium
691 3774 766 3840 erga
782 3751 943 3817 Romanos
967 3748 1102 3813 maxime
1121 3767 1136 3813 3

75 3849 251 3915 concitasse
273 3849 397 3914 videtur
418 3834 592 3914 secu'ndum
613 3846 732 3912 bellum
748 3844 933 3912 Poenicum.
965 3860 1101 3925 namque

75 3942 248 4022 Hannibal,
266 3943 349 4009 filius
368 3944 445 4022 eius,
464 3942 599 4008 assiduis
617 3941 715 4028 patris
729 3936 988 4008 obtestationibus
1002 3958 1040 4001 eo
1054 3944 1103 4000 est

74 4038 256 4123 perductus,
275 4048 311 4104 ut
327 4037 452 4105 interire
470 4060 565 4123 quam
579 4035 738 4103 Romanos
755 4058 820 4102 non
838 4030 975 4119 experiri
984 4030 1109 4097 mallet
