2564 4410
466 268 680 326 ARISTIDES.
1049 259 1091 323 13

64 411 147 455 anno
168 409 263 471 quam
285 395 351 451 erat
369 385 534 471 expulsus,
561 385 669 471 populi
692 385 770 450 scito
791 385 825 448 iu
837 385 979 472 'patriam
1001 386 1091 450 resti-

63 493 149 550 tutus
168 490 224 547 est.
330 510 333 515 ·

113 575 158 641 Π.
184 574 332 639 Interfuit
345 583 450 638 autem
463 596 588 660 pugnae
601 573 705 638 navali
718 574 804 659 apud
818 571 989 652 Salamina,
1008 597 1089 657 quae
1109 600 1120 646 r
1169 625 1172 631 Δ

61 671 147 736 facta
164 680 212 734 est
228 669 316 753 prius
334 688 429 752 quam
446 690 548 753 poena
564 667 756 733 liberaretur.
787 669 872 732 idem
889 679 1013 754 praetor
1030 668 1091 733 fuit

61 763 306 833 Atheniensium
327 763 412 847 apud
429 760 574 826 Plataeas
601 763 635 825 in
655 762 788 848 proelio,
816 785 879 846 quo
900 762 1088 827 Mardonius

62 859 155 933 lusus
169 856 433 940 barbarorumque
448 857 602 921 exercitus
615 856 798 920 interfectus
808 866 865 920 est.
892 879 994 940 neque
1004 857 1090 921 aliud
1108 881 1123 928 2

63 962 112 1019 est
125 951 227 1016 ullum
243 951 336 1015 huius
352 951 387 1019 in
403 973 438 1014 re
456 950 582 1014 militari
597 950 717 1014 illustre
736 950 864 1028 factum,
884 972 979 1034 quam
995 951 1089 1016 huius

61 1044 186 1135 imperii
202 1044 362 1121 memoria,
380 1044 516 1108 iustitiae
530 1067 605 1108 vero
619 1053 650 1108 et
667 1045 832 1128 aequitatis
847 1053 878 1108 et
894 1045 1089 1134 innqcentiae

63 1141 173 1217 multa,
196 1139 229 1203 in
251 1139 361 1224 primis
383 1138 468 1221 quod
487 1138 553 1202 eius
572 1138 728 1221 aequitate
750 1139 948 1216 factumest,
968 1162 1040 1204 cum
1057 1140 1091 1203 in

63 1234 222 1300 communi
244 1233 345 1297 classe
363 1241 447 1297 esset
466 1229 619 1297 Graeciae
638 1231 731 1296 simul
749 1254 821 1296 cum
838 1230 1007 1310 Pausania,
1027 1255 1090 1316 quo

63 1326 143 1393 duce
160 1327 348 1391 Mardonius
367 1335 434 1391 erat
450 1325 589 1412 fugatus,
608 1335 644 1390 ut
662 1348 785 1390 summa
802 1327 925 1412 imperii
943 1327 1090 1391 maritimi

62 1423 103 1488 ab
121 1422 381 1487 Lacedaemoniis
405 1420 624 1486 transferretur
642 1422 682 1486 ad
700 1420 922 1487 Athenienses.
953 1441 1089 1505 namque
1108 1446 1123 1492 3

63 1525 135 1582 ante
152 1517 186 1581 id
202 1526 325 1602 tempus
340 1524 372 1579 et
388 1516 467 1579 mari
482 1526 513 1579 et
526 1527 608 1580 terra
622 1515 718 1580 duces
733 1526 821 1580 erant
832 1514 1088 1580 Lacedaemonii.

61 1622 130 1675 tum
148 1621 252 1675 autem
275 1620 307 1673 et
327 1610 566 1694 intemperantia
583 1609 759 1681 Pausaniae
782 1619 814 1674 et
830 1611 949 1675 iustitia
969 1609 1089 1675 factum

64 1714 115 1770 est
132 1703 298 1779 Aristidis,
325 1712 361 1766 ut
383 1725 492 1767 omnes
510 1703 576 1766 fere
599 1702 740 1766 civitates
759 1700 911 1768 Graeciae
930 1704 971 1768 ad
988 1703 1090 1768 Athe·

61 1797 220 1863 niensium
243 1795 423 1861 societatem
445 1818 480 1860 se
502 1795 693 1881 applicarent
715 1805 747 1859 et
769 1797 920 1861 adversus
937 1796 1087 1862 barbaros

62 1893 122 1956 hos
141 1890 237 1954 duces
255 1889 427 1976 deligerent
446 1888 515 1954 sibi.

114 1983 176 2048 ΠΙ.
209 1982 299 2066 Quos
322 2006 385 2067 quo
402 1982 526 2048 facilius
544 1984 742 2070 repellerent,
762 1983 790 2048 si
806 1982 887 2048 forte
904 1982 1023 2049 bellum
1040 2006 1090 2048 re·
1109 2007 1121 2051 1

61 2099 177 2143 novare
204 2089 403 2154 conarentur,
431 2079 472 2142 ad
498 2078 615 2143 classes
637 2077 853 2148 aedificandas
871 2078 1089 2161 exercitusque

62 2172 289 2256 comparandos
321 2182 474 2255 quantum
500 2173 652 2259 pecuniae
679 2193 822 2256 quaeque
853 2173 963 2237 civitas
991 2171 1087 2248 daret,

61 2265 219 2331 Aristides
243 2266 380 2331 delectus
408 2276 457 2331 est
486 2268 541 2351 qui
566 2268 781 2344 constitueret,
809 2267 939 2350 eiusque
961 2266 1088 2332 arbitrio

62 2361 279 2447 quadringena
304 2370 336 2425 et
362 2384 521 2448 sexagena
547 2363 663 2426 talenta
685 2363 851 2444 quotannis
869 2360 987 2425 Delum
1016 2371 1089 2424 sunt

62 2455 184 2520 collata.
210 2455 244 2517 id
262 2453 345 2517 enim
363 2475 528 2518 commune
546 2456 699 2519 aerarium
717 2477 787 2519 esse
805 2455 979 2518 voluerunt.
1008 2475 1088 2538 quae

62 2549 164 2613 omnis
183 2547 317 2632 pecunia
332 2557 459 2632 postero
473 2559 612 2633 ternpore
626 2547 770 2613 Athenas
788 2548 937 2612 translata
951 2558 1008 2613 est.
1036 2548 1088 2612 hic
1106 2567 1121 2614 a

61 2665 126 2726 qua
143 2642 237 2706 fuerit
254 2641 450 2719 abstinentia,
469 2643 591 2731 nullum
609 2652 657 2707 est
675 2642 789 2707 certius
802 2642 961 2719 indicium,
981 2664 1086 2726 quarn,

61 2759 136 2801 cum
154 2728 247 2800 tantis
265 2734 358 2800 rebus
376 2736 573 2821 praefuisset,
592 2737 725 2801 intanta
742 2746 924 2821 paupertate
943 2737 1087 2813 decessit,

60 2840 106 2908 ut,
126 2830 180 2913 qui
198 2829 368 2906 efferretur,
387 2830 441 2893 vix
459 2830 625 2914 reliquerit.
658 2852 721 2912 quo
739 2830 932 2906 factumest,
951 2839 987 2893 ut
1004 2829 1086 2894 filiae
1105 2851 1119 2897 3

60 2925 130 2989 eius
147 2923 272 3008 publice
286 2924 442 3015 alerentur
459 2935 489 2989 et
507 2926 546 2988 de
560 2924 717 2989 communi
734 2924 852 2988 aerario
867 2923 992 2988 dotibus
1007 2923 1087 2989 datis

61 3017 296 3082 collocarentur.
324 3018 460 3082 decessit
482 3028 587 3083 autem
609 3018 675 3082 fere
696 3027 770 3102 post
791 3041 908 3082 annum
930 3027 1087 3101 quartum,

61 3135 158 3196 quam
176 3111 405 3177 Themistocles
423 3111 558 3177 Athenis
578 3121 644 3177 erat
662 3111 821 3197 expulsus.

370 3333 428 3398 IV.
464 3331 779 3399 PAUSANIAS.

113 3487 140 3550 Ι.
166 3487 351 3564 Pausanias,
362 3487 644 3564 Lacedaemonius,
654 3510 788 3575 magnus
802 3486 906 3564 home,
917 3487 973 3551 sed
982 3488 1087 3552 varius
1108 3510 1119 3554 1

60 3582 96 3646 in
118 3582 202 3647 omni
223 3604 337 3668 genere
360 3582 441 3646 vitae
465 3581 533 3645 fuit.
564 3606 638 3646 nam
660 3592 696 3646 ut
716 3581 883 3646 virtutihus
907 3581 1018 3660 eluxit,
1043 3582 1087 3646 sio

60 3675 146 3739 n'tia
165 3683 214 3738 est
230 3675 370 3741 obrutus.
397 3676 491 3739 huius
509 3676 755 3740 illustrissimum
772 3686 821 3739 est
832 3675 986 3761 proelium
1004 3675 1089 3761 apud
1107 3695 1121 3740 2

59 3768 218 3833 Plataeas.
253 3791 388 3854 namque
410 3769 463 3833 illo
486 3769 564 3833 duce
582 3768 783 3846 Mardonius,
808 3780 947 3855 satrapes
969 3769 1086 3854 regius,

60 3864 187 3928 natione
204 3862 331 3941 Medus,
350 3865 434 3951 regis
453 3887 558 3951 gener,
582 3864 740 3949 inprimis
760 3865 900 3929 omnium
917 3862 1087 3927 Persarum

61 3967 94 4024 et
115 3981 211 4023 manu
233 3958 322 4024 fortis
345 3969 376 4024 et
398 3959 520 4024 consilii
540 3958 667 4045 plenus,
696 3981 768 4024 cum
790 3959 931 4024 ducentis
958 3955 1086 4021 milibus

60 4052 216 4139 peditum,
244 4075 324 4138 quos
351 4053 467 4119 viritim
487 4054 619 4140 legerat,
647 4064 679 4118 et
700 4053 814 4141 viginti
833 4052 982 4134 equitum
1001 4050 1104 4111 hauh
