2564 4410
139 201 190 267 18⁴
467 210 650 269 CORNELII
664 212 830 269 NEPOTIS

139 351 212 394 cum
229 327 371 394 ducentis
394 326 527 392 navibus
545 326 713 412 imperator
730 327 860 405 missus,
884 347 955 392 cum
973 328 1040 393 eius
1062 330 1163 396 maio-

137 445 204 487 rem
225 430 346 507 partem
367 419 487 485 insulae
510 419 691 508 devicisset,
718 421 751 485 in
772 419 916 486 morbum
937 421 1105 507 imphcitus
1127 424 1162 488 in

139 515 254 602 oppido
274 513 357 579 Citio
376 523 424 578 est
441 522 592 578 mortuus.

105 635 118 681 1
188 607 247 673 IV.
273 606 371 671 Hunc
388 605 600 671 Athenienses
622 628 686 671 non
703 606 805 673 solum
821 607 854 672 in
871 607 967 686 bello,
991 609 1047 673 sed
1066 610 1161 675 etiam

136 703 170 768 in
191 714 275 788 pace'
290 702 346 766 diu
367 700 630 765 desideraverunt.
665 698 726 765 suit
748 702 831 766 enim
857 710 944 766 tanta
964 702 1162 782 liberalitate,

137 819 209 861 oum
227 793 437 881 compluribus
450 795 528 860 locis
541 794 670 879 praedia
682 795 851 878 hortosque
863 795 1002 875 haberet,
1020 806 1056 862 ut
1068 820 1164 863 num-

136 915 232 976 quam
248 891 281 955 in
299 890 344 955 eis
363 889 525 954 custodem
546 890 729 974 imposuerit
745 889 866 955 fructus
885 892 1030 956 servandi
1048 893 1161 979 gratia,

135 985 263 1070 nequis
284 984 498 1069 impediretur,
522 983 704 1068 quominus
724 984 790 1049 eius
808 983 917 1063 rebus,
941 984 1055 1068 quibus
1074 984 1161 1070 quis·

102 1102 117 1149 2
136 1101 198 1162 que
215 1078 324 1156 vellet,
347 1077 510 1143 frueretur.
543 1100 666 1163 semper
688 1100 760 1143 eum
781 1079 962 1163 pedissequi
978 1101 1051 1143 cum
1067 1102 1161 1143 num-

137 1174 197 1238 mis
221 1181 295 1238 sunt
317 1172 430 1250 secuti,
453 1181 501 1250 ut,
525 1171 554 1236 si
575 1172 645 1255 quis
664 1172 732 1257 opis
751 1173 818 1237 eius
840 1172 1006 1260 indigeret,
1029 1171 1160 1237 haberet

74 1266 77 1270 ’
135 1267 221 1351 quod
238 1265 343 1332 statim
361 1266 457 1343 daret,
476 1287 516 1329 ne
534 1265 707 1330 differendo
725 1265 882 1330 videretur
898 1289 1023 1353 negare.
1063 1288 1159 1351 saepe

137 1383 209 1425 cum
230 1360 366 1443 aliquem
388 1358 543 1425 offensum
564 1358 691 1423 fortuna
707 1359 827 1424 videret
843 1359 947 1424 minus
966 1360 1045 1425 bene
1062 1361 1161 1424 vesti-

103 1469 118 1515 3
137 1462 213 1529 tum,
229 1476 330 1518 ¹suum
348 1452 516 1517 amiculum
534 1452 629 1516 dedit.
657 1453 795 1537 quotidie
817 1453 862 1518 sic
880 1475 977 1519 coena
999 1454 1028 1518 ei
1045 1475 1162 1537 coque-

135 1545 235 1624 batur,
247 1557 299 1624 ut,
318 1569 398 1630 quos
415 1546 576 1612 invocatos
594 1546 725 1612 vidisset
742 1540 776 1611 in
792 1545 875 1626 foro,
897 1558 1006 1612 omnes
1025 1548 1165 1612 devoca-

134 1648 196 1718 ret3
213 1640 298 1724 quod
315 1639 419 1728 facere
435 1640 558 1705 nullum
575 1640 659 1705 diem
679 1641 953 1726 praetermittebat
984 1641 1062 1705 nulli
1078 1640 1159 1704 fides

135 1735 212 1812 eius,
230 1733 308 1798 nulli
325 1756 433 1820 opera,
457 1734 536 1798 nulli
551 1757 603 1800 res
621 1735 782 1800 familiaris
801 1734 915 1812 defuit3
938 1735 1053 1800 multos
1070 1733 1159 1799 locu-

135 1827 277 1914 pletavit3
300 1828 476 1913 complures
493 1848 648 1914 pauperes
666 1836 819 1903 mortuos,
838 1827 893 1908 qui
910 1828 993 1890 unde
1012 1827 1160 1892 efferren-

101 1943 118 1989 4
136 1931 185 1987 tur
202 1945 266 1986 non
282 1922 493 2006 reliquissent,
517 1943 575 1986 suo
598 1929 725 2005 sumptu
747 1920 866 1985 extulit.
896 1920 942 1984 sic
966 1943 1000 1984 se
1018 1921 1160 2006 gerendo

79 2061 81 2064 >
135 2016 263 2080 minime
281 2025 329 2081 est
346 2015 532 2094 mirandum,
553 2014 581 2079 si
598 2022 630 2079 et
646 2015 712 2079 vita
729 2014 796 2080 eius
818 2013 879 2078 fuit
896 2036 1006 2079 secura
1023 2022 1055 2078 et
1071 2037 1161 2080 mors

135 2109 256 2174 acerba.
1096 2116 1101 2129 '

449 2310 508 2377 vr.
543 2309 840 2378 arsinoas.
907 2266 909 2270 ὗ

101 2505 114 2552 1
184 2483 211 2548 Ι.
242 2482 411 2568 Lysander
427 2482 700 2548 Lacedaemonius
722 2505 871 2570 magnam
892 2481 1017 2566 rehquit
1039 2483 1088 2547 sui
1110 2483 1160 2548 fa-
1184 2564 1187 2571 Ι

134 2599 232 2654 mam,
255 2577 357 2662 magis
375 2576 522 2642 felicitate
540 2599 635 2659 quam
652 2577 765 2640 virtute
786 2585 917 2662 partam.
943 2575 1159 2643 Athenienses

134 2671 217 2735 enim
241 2667 288 2756 [in
308 2667 571 2754 Peloponnesios]
596 2665 739 2734 sextoet
759 2671 909 2735 vicesimo
930 2693 1013 2737 anno
1038 2669 1157 2735 bellum

100 2786 115 2832 a
134 2773 277 2850 gerentes
296 2762 470 2829 confecisse
487 2772 626 2849 apparet.
657 2784 758 2847 neque
775 2764 810 2828 id
826 2786 889 2848 qua
909 2764 1029 2830 ratione
1047 2786 1158 2849 conse7

135 2868 225 2921 cutus
240 2857 289 2934 sit,
307 2856 392 2921 latet.
419 2857 580 2921 nonenim
592 2857 707 2922 virtute
725 2857 775 2923 sui
788 2857 953 2935 exercitus,
972 2858 1028 2923 sed
1044 2856 1159 2923 immo-

134 2951 244 3015 destia
256 2949 376 3014 factum
394 2961 443 3014 est
460 2950 717 3028 adversariorum,
742 2951 805 3034 qui,
824 2951 910 3035 quod
926 2951 1009 3016 dicto
1027 2950 1159 3015 audien-

71 3098 75 3107 .
134 3055 180 3109 tes
198 3042 437 3129 imperatoribus
456 3043 522 3109 suis
539 3054 713 3122 nouerant,
733 3045 879 3130 dispalati
896 3045 929 3108 in
942 3044 1026 3130 agris
1039 3043 1158 3110 relictis

133 3137 267 3203 navibus
285 3137 319 3202 in
335 3137 473 3202 hostium
490 3147 642 3202 veneumt
658 3147 855 3223 potestatem.
882 3160 945 3222 quo
962 3136 1160 3204 factoAthe·

99 3254 115 3300 a
133 3233 258 3298 nienses
277 3254 311 3297 se
321 3226 581 3297 Lacedaemoniis
600 3232 794 3297 dediderunt.
812 3231 872 3297 hac
888 3231 1018 3298 victoria
1030 3231 1160 3316 Lysan-

134 3327 190 3390 der
207 3325 316 3404 elatus,
336 3346 409 3391 cum
426 3335 518 3391 antea
536 3349 659 3413 semper
675 3326 826 3392 factiosus
850 3326 1015 3410 audaxque
1032 3325 1158 3404 fuisset,

134 3419 180 3483 sic
198 3419 258 3484 sibi
274 3420 413 3498 indulsit,
432 3429 467 3484 ut
489 3420 556 3485 eius
575 3442 669 3506 opera
686 3421 720 3484 in
736 3421 909 3485 maximum
930 3421 1036 3485 odium
1056 3417 1158 3485 Grae-

99 3531 116 3578 4
135 3512 202 3576 ciae
218 3513 464 3578 Lacedaemonii
484 3513 690 3599 pervenerint
721 3536 795 3579 nam
817 3536 890 3578 cum
910 3512 992 3578 hanc
1010 3535 1158 3579 caussam

133 3606 377 3670 Lacedaemonii
391 3607 585 3672 dictitassent
603 3606 664 3672 sibi
681 3629 751 3673 esse
768 3605 852 3684 belli,
869 3616 905 3672 ut
913 3605 1158 3672 Atheniensium

131 3700 335 3786 impotentem
361 3701 604 3766 dominationem
627 3699 847 3788 refringerent,
877 3710 1045 3787 postquam
1071 3702 1157 3786 apud

132 3792 243 3880 Aegos
260 3793 378 3858 flumen
394 3794 563 3879 Lysander
584 3794 694 3859 classis
712 3794 850 3860 hostium
867 3805 915 3859 est
931 3795 1059 3882 potitus,
1077 3795 1158 3860 nihil

134 3887 219 3952 aliud
235 3887 361 3953 mohtus
380 3897 437 3965 est,
456 3910 552 3971 quam
569 3897 604 3952 ut
621 3910 729 3953 omnes
748 3888 889 3953 civitates
910 3888 944 3952 in
962 3911 1020 3953 sua
1036 3896 1157 3953 teneret

131 3990 295 4064 potestate,
315 4004 387 4046 cum
409 3981 442 4045 id
460 4003 494 4046 se
511 3981 835 4047 Lacedaemoniorum
857 4004 970 4048 caussa
991 3981 1096 4047 facere
1114 3982 1158 4048 si·
