2564 4410
139 276 141 299 ¹
169 257 212 324 84
407 274 409 289 ²
504 259 689 316 CORNELII
700 259 861 317 NEPOTIS

135 406 148 453 1
219 381 280 446 Ill.
308 380 348 445 In
361 375 505 444 omnibus
523 373 617 440 rebus
637 374 789 460 singulari
806 374 866 439 fuit
883 375 1045 441 industria.
1073 401 1148 442 nam
1161 388 1192 444 et

41 494 56 535 Ἀ
168 474 305 563 agricola
327 472 451 548 sollers,
475 479 507 534 et
525 466 759 555 [reipublicae]
778 470 897 554 peritus
919 470 1190 550 iurisconsultus,

169 580 200 636 et
216 589 350 656 magnus
367 567 544 651 imperator,
564 571 595 627 et
607 560 776 648 probabilis
792 572 903 641 orator,
923 573 954 629 11
967 565 1190 650 cupidissimus

133 665 339 733 alitterarum
364 658 433 724 fuit.
469 679 602 742 quarum
629 655 767 720 studium
793 657 854 722 etsi
879 658 983 724 senior
1008 660 1190 745 arripuerat,

168 768 274 823 tamen
299 762 421 819 tantum
445 772 648 838 progressum
673 749 762 827 fecit,
793 761 828 814 ut
854 774 918 817 non
943 751 1036 817 facile
1062 754 1192 839 reperiri

167 850 267 937 possit
283 869 385 933 neque
403 846 442 911 de
461 842 592 911 Graecis
609 865 711 927 neque
729 843 768 908 de
787 844 905 910 Italicis
923 844 1033 922 rebus,
1059 847 1144 929 quod
1162 846 1191 911 ei

168 944 263 1010 fuerit
295 941 498 1028 incognitum.
542 937 582 1004 ab
612 937 823 1003 adolescentia
858 937 992 1003 confecit
1021 939 1189 1006 orationes.

135 1061 150 1108 1
170 1058 267 1104 senex
282 1033 428 1100 historias
442 1030 576 1098 scribere
593 1029 737 1096 instituit.
765 1052 872 1095 earum
887 1040 959 1096 sunt
971 1030 1043 1097 libri
1061 1044 1191 1119 septem.

166 1132 286 1218 primus
305 1128 442 1197 continet
457 1149 512 1219 res
526 1133 633 1213 gestas
650 1148 762 1213 regum
778 1127 887 1212 populi
904 1127 1055 1205 Romani,
1080 1150 1192 1194 secun-

167 1227 227 1292 dus
246 1237 277 1290 11
298 1223 421 1300 tertius,
443 1220 527 1286 unde
550 1241 692 1304 quaeque
714 1219 824 1285 civitas
848 1229 914 1285 orta
938 1220 979 1284 sit
999 1220 1123 1286 Italica:
1149 1221 1190 1287 ob

168 1341 264 1405 quam
285 1340 352 1383 rem
373 1338 481 1398 omnes
501 1312 649 1401 Origines
667 1314 791 1378 videtur
812 1314 999 1399 appellasse.
1026 1315 1059 1379 in
1080 1326 1190 1400 quarto

169 1422 274 1479 autem
290 1410 408 1477 bellum
415 1409 588 1476 Poenicum
606 1417 654 1474 est
669 1408 816 1493 primum,
834 1409 869 1473 in
881 1409 990 1493 quinto
1008 1411 1190 1475 secundmn.

21 1494 25 1505 .
134 1526 152 1572 4
169 1517 262 1591 atque
279 1503 475 1571 haecomnia
493 1502 686 1589 capitulatim
703 1512 776 1567 sunt
793 1503 885 1568 dicta.
910 1502 1090 1588 reliquaque
1107 1502 1192 1568 bella

41 1652 46 1667 .
168 1600 237 1687 pari
253 1599 347 1664 modo
363 1605 545 1684 persecutus
564 1605 612 1662 est
629 1618 730 1681 usque
748 1596 788 1661 ad
804 1606 982 1682 praetmam
997 1595 1100 1664 Servii
1114 1593 1192 1664 Gal-

169 1693 238 1772 bae,
257 1692 312 1777 qui
329 1691 455 1778 diripuit
471 1691 656 1757 Lusitanos.
683 1700 776 1774 atque
792 1690 905 1756 horum
922 1690 1076 1757 bellorum
1093 1691 1191 1756 duces

169 1809 233 1852 non
249 1785 431 1863 nominavit,
451 1785 508 1849 sed
526 1784 592 1849 sine
609 1783 788 1850 nominibus
806 1806 856 1851 res
875 1785 1002 1850 notavit.
1028 1785 1061 1850 in
1078 1785 1192 1850 iisdem

170 1879 324 1967 exposuit,
343 1901 424 1963 quae
441 1877 474 1943 in
487 1877 579 1943 Italia
591 1876 819 1964 Hispaniisque
837 1888 891 1944 ant
907 1879 1017 1945 tierent
1033 1889 1088 1944 aut
1104 1879 1193 1943 vide-

30 2054 34 2061 ,
170 1984 277 2040 rentur
293 1972 484 2039 admiranda.
514 1972 548 2036 in
564 1970 679 2056 quibus
697 1973 796 2038 multa
811 1972 965 2041 industria
982 1980 1013 2038 et
1029 1971 1192 2059 diligentia

16 2074 20 2097 ⁵
95 2086 97 2091 ’
137 2077 339 2154 ecomparet,
361 2067 448 2132 nulla
464 2066 614 2132 doctrina.
645 2066 739 2131 huius
758 2066 797 2131 de
815 2067 880 2132 vita
897 2076 928 2132 et
944 2066 1083 2133 moribus
1100 2067 1192 2153 plura

136 2220 139 2227 .
171 2163 205 2226 in
222 2183 259 2227 ec
280 2160 360 2226 libro
376 2161 532 2246 persecuti
550 2182 674 2238 sumus,
698 2182 791 2245 quem
811 2161 979 2247 separatim
1003 2161 1042 2226 de
1060 2184 1097 2227 ec
1115 2159 1193 2225 feci-

134 2320 138 2330 ,
169 2277 240 2319 mus
258 2264 370 2341 rogatu
383 2255 448 2319 Titi
460 2252 628 2340 Pomponii
640 2253 749 2321 Attici.
776 2277 873 2340 quare
891 2255 1048 2323 studiosos
1060 2254 1190 2320 Catonis

47 2436 52 2443 Ι
170 2348 211 2413 ad
228 2348 305 2413 illud
322 2349 469 2414 volumen
486 2348 678 2436 delegamus.

289 2569 404 2634 XXV.
441 2571 479 2636 Τ.
503 2569 809 2637 POMPONIUS
831 2569 1075 2637 ATTICUS.

52 2794 55 2799 ,
138 2742 150 2788 1
220 2722 247 2787 1.
275 2722 314 2789 T.
327 2721 522 2808 Pomponius
535 2721 671 2804 Atticus,
690 2723 730 2790 ab
749 2724 867 2810 origine
885 2723 995 2789 ultima
1013 2724 1117 2810 stirpis
1126 2723 1192 2790 Ro-

169 2838 280 2882 manao
302 2828 483 2902 generatus,
509 2828 660 2904 perpetuo
683 2817 889 2884 amaioribus
912 2826 1072 2904 acceptam
1096 2839 1191 2900 eque·

136 2928 151 2974 1
172 2918 267 2974 1111111
280 2909 413 2976 obtinuit
430 2911 622 2998 dignitatem.
648 2921 736 2998 patre
752 2936 830 2978 usus
845 2921 893 2977 111
906 2911 1053 2998 diligente
1073 2908 1192 2996 [indul-

124 3086 125 3091 .
170 2998 277 3089 gente]
293 3012 332 3080 et,
350 3012 386 3068 ut
399 3011 466 3068 tum
479 3013 567 3069 erant
579 3014 728 3090 tempora,
750 3004 806 3071 diti
819 3006 852 3071 in
864 3006 1036 3091 primisque
1050 3005 1190 3070 studioso

169 3096 349 3161 litterarum.
376 3096 437 3174 hic,
451 3107 543 3183 prout
555 3097 623 3183 ipsc
637 3097 763 3164 amabat
775 3098 903 3177 litteras,
918 3097 1063 3164 omnibus
1077 3097 1191 3162 docui-

69 3204 74 3225 ⁵
170 3190 229 3269 nis,
248 3189 363 3275 quibus
381 3190 509 3277 puerilis
532 3202 618 3257 aetas
639 3193 790 3278 impertiri
807 3192 910 3271 debet,
929 3192 1029 3257 filium
1047 3191 1189 3257 erudivit.

137 3292 236 3348 11111
261 3295 366 3350 autem
391 3284 425 3349 in
449 3307 548 3371 puero
569 3295 693 3372 praeter
713 3285 903 3353 docilitatem
924 3286 1044 3373 ingenii
1068 3307 1192 3350 summa

171 3376 309 3442 suavitas
332 3379 395 3444 oris
417 3400 455 3444 ac
476 3380 577 3457 vocis,
599 3390 719 3445 utnon
742 3380 844 3445 solum
865 3380 1006 3446 celeriter
1028 3380 1190 3466 acciperet,

171 3491 251 3554 quae
268 3471 477 3551 tradebantur,
497 3472 554 3538 sed
572 3473 665 3538 etiam
679 3473 865 3540 excellenter
880 3474 1104 3560 pronuntiaret.
1129 3494 1192 3557 qua

171 3584 261 3629 exre
278 3563 313 3628 in
328 3567 467 3650 pueritia
481 3565 595 3632 nobilis
618 3567 698 3633 inter
719 3567 865 3655 aequales
888 3567 1046 3633 serebatur
1063 3567 1192 3632 clarius-

170 3678 231 3741 que
254 3657 544 3743 exsplendescebat,
571 3683 666 3745 quam
687 3662 833 3748 generosi
855 3660 1062 3747 condiscipuli
1087 3661 1191 3726 animo

136 3772 271 3835 raeque
293 3750 374 3816 serre
395 3763 534 3837 possent.
569 3754 674 3838 itaque
695 3754 846 3821 incitabat
863 3776 972 3821 omncs
996 3754 1100 3819 studio
1119 3776 1191 3831 su03

170 3866 233 3928 quo
254 3845 288 3910 in
309 3867 440 3911 numero
461 3845 588 3912 suerunt
608 3848 650 3913 L.
670 3848 864 3934 Torquatus,
889 3847 928 3914 C.
945 3847 1070 3914 Marius
1096 3847 1191 3924 filius,

124 3954 131 4035 ἓ
170 3936 217 4003 Μ.
238 3938 364 4020 Cicero,
387 3962 467 4025 quos
485 3943 709 4009 consuetudine
728 3966 786 4009 sua
808 3944 854 4010 sic
871 3942 1024 4023 devinxit,
1047 3951 1083 4007 ut
1098 3964 1192 4007 nemo

104 4038 126 4093 ,’
162 4031 219 4095 nis
227 4044 387 4119 perpetuo
403 4034 498 4102 fuerit
515 4037 623 4103 carior.
