2564 4410
182 239 224 306 82
517 243 700 300 CORNELII
714 241 874 301 NEPOTIS

62 420 66 429 .
180 390 254 456 rege
271 373 422 455 peterent,
440 383 480 427 ne
498 359 748 426 inimicissimum
760 383 855 425 suum
869 362 975 426 se'cum
989 352 1119 429 haberet
1131 363 1209 431 sibi·
1262 432 1265 439 ,

149 483 245 547 sque
274 459 410 525 dederet.
449 455 498 521 his
525 453 641 519 Prusia
669 476 785 540 negare
816 477 912 520 ausus
941 478 1006 520 non
1036 466 1098 535 est3
1129 457 1208 524 illud

181 545 352 621 recusavit,
374 564 415 607 ne
432 541 464 606 id
482 564 502 605 a
520 562 554 604 se
574 539 642 604 fieri
659 539 865 625 postularent,
884 540 971 625 quod
987 541 1138 608 adversus
1157 544 1210 609 ius

181 640 310 726 hospitii
332 645 430 714 esset3
450 633 527 721 ipsi,
547 633 575 699 si
591 643 734 719 possent,
757 635 1068 721 comprehenderent3
1090 637 1211 717 locum,

183 736 238 801 ubi
260 743 357 811 esset,
381 730 473 796 facile
491 729 682 794 inventuros.
714 727 876 795 Hannibal
898 730 982 796 enim
1004 754 1067 797 uno
1083 731 1154 799 loeo
1174 757 1212 799 se

183 828 309 894 tenebat
325 826 359 890 in
376 823 514 901 castelle,
532 822 617 906 quod
634 823 664 887 ei
681 845 787 909 arege
801 822 909 888 datum
926 833 992 889 erat
1010 826 1141 904 muneri,
1160 827 1210 892 id-

182 945 243 1007 que
263 922 309 987 sic
326 918 513 994 aedificarat,
531 926 566 982 ut
583 916 616 980 in
629 916 775 982 omnibus
792 916 933 1002 partibus
952 919 1086 984 aedificii
1104 920 1210 985 exitus

147 1039 165 1084 4
182 1017 321 1093 haberet,
340 1014 459 1079 scilicet
474 1033 596 1089 verens,
614 1032 654 1075 ne
671 1033 734 1076 usu
749 1011 878 1090 veniret,
897 1012 983 1096 quod
1000 1014 1122 1079 accidit.
1145 1014 1210 1079 huo

20 1124 23 1129 ’
76 1133 79 1137 ·
183 1134 256 1176 cum
276 1108 373 1196 legati
389 1107 604 1173 Romanorum
621 1104 782 1170 venissent
804 1126 841 1171 ac
862 1106 1061 1172 multitudine
1078 1107 1209 1172 domum

183 1205 251 1270 eius
270 1200 556 1278 circumdedissent,
574 1220 653 1285 puer
667 1197 707 1264 ab
720 1198 814 1263 ianua
830 1199 1025 1285 prospiciens
1034 1200 1210 1266 Hannibali

183 1298 271 1377 dirtit,
289 1296 395 1384 plures
408 1303 532 1382 praeter
545 1292 803 1358 consuetudinem
816 1302 951 1360 armatos
966 1317 1124 1381 apparere.
1151 1294 1207 1379 qui

50 1426 58 1442 .
181 1390 347 1477 imperavit
369 1390 412 1467 ei,
434 1397 470 1453 ut
487 1409 596 1453 omnes
618 1387 702 1451 fores
727 1386 862 1467 aedificii
883 1388 1059 1455 circumiret
1075 1411 1113 1461 ae
1134 1411 1211 1474 prc-

182 1507 257 1572 pere
275 1484 336 1549 sibi
348 1482 512 1560 nuntiaret,
531 1504 608 1546 num
621 1480 732 1547 eodem
744 1481 838 1547 modo
851 1481 990 1567 undique
1003 1482 1210 1549 obsideretur.

149 1601 165 1649 o
183 1601 262 1665 puer
279 1600 352 1642 cum
369 1576 517 1654 celeriter,
536 1575 612 1660 quid
624 1583 717 1652 esset,
735 1576 945 1642 renuntiasset
958 1597 1128 1661 omnesque
1142 1577 1210 1641 exi·
1254 1644 1257 1653 ,

183 1684 234 1737 tus
256 1680 425 1757 occupatos
449 1670 646 1748 ostendisset,
671 1669 778 1746 sensit,
800 1669 833 1734 id
850 1692 914 1736 non
931 1669 1060 1736 fortuito
1077 1669 1211 1748 factum,

184 1769 241 1833 sed
267 1789 301 1833 se
326 1766 391 1853 peti
422 1787 524 1851 neque
550 1764 611 1830 sibi
637 1765 753 1830 diutius
779 1766 877 1830 vitam
903 1787 973 1832 esse
1002 1766 1209 1832 retinendam.

183 1885 279 1947 quam
304 1883 345 1927 ne
371 1860 473 1925 alieno
499 1858 626 1925 arbitrio
653 1859 835 1938 dimitteret,
862 1883 982 1926 memor
1005 1860 1212 1947 pristinarum

183 1957 335 2021 virtutum
347 1976 513 2033 venenum,
532 1953 617 2038 quod
636 1975 760 2042 semper
777 1976 886 2020 secum
902 1955 1017 2022 habere
1035 1976 1212 2020 consueve-

183 2060 240 2128 rat,
260 2049 403 2134 sumpsit.

46 2181 51 2187 -
153 2165 164 2210 1
235 2143 335 2207 XIII.
365 2140 420 2207 Sic
436 2143 485 2206 vir
501 2141 706 2220 fortissimus,
724 2142 831 2208 mult-is
848 2142 1005 2227 variisque
1022 2141 1211 2228 perfunctus

182 2236 353 2314 laboribus,
364 2258 445 2302 anno
458 2236 614 2320 acquievit
627 2237 869 2323 septuagesimo.
895 2235 1010 2320 quibus
1025 2237 1214 2304 consulibus

184 2331 342 2408 interierit,
360 2353 425 2395 non
442 2329 597 2396 convenit.
624 2352 760 2414 namque
776 2329 903 2396 Atticus
916 2329 965 2395 M.
976 2328 1212 2397 claudioMar-

185 2425 272 2503 cello,
292 2423 334 2506 Q.
344 2423 443 2490 Fabio
451 2423 603 2490 Labeone
617 2423 798 2490 consulibus
812 2436 970 2490 mortuum
985 2424 1020 2489 in
1032 2425 1138 2490 annali
1151 2449 1216 2491 suo

184 2519 335 2603 scriptum
351 2518 486 2602 reliquit,
505 2528 538 2583 at
550 2517 703 2604 Polybius
712 2519 759 2583 L.
768 2516 907 2584 Aemilio
915 2518 1038 2598 Paullo,
1053 2518 1115 2585 Cn.
1124 2519 1213 2586 Bae-

184 2612 237 2677 bio
264 2612 444 2698 Tamphilo,
473 2610 633 2696 Sulpicius
656 2624 761 2677 autem
787 2611 895 2687 Blitho
920 2612 959 2678 P.
979 2611 1126 2679 Cornelio
1146 2612 1212 2680 Ce-

151 2727 166 2774 2
184 2706 292 2793 thego,
311 2705 359 2770 M.
377 2704 497 2771 Baebio
516 2705 693 2791 Tamphilo.
726 2715 820 2790 atque
841 2706 893 2770 hic
911 2715 1016 2772 tantus
1032 2708 1082 2772 vir
1098 2709 1216 2775 tantis-

183 2822 245 2884 que
257 2800 349 2866 bellis
364 2801 522 2866 districtus
536 2800 675 2866 nonnihil
694 2800 843 2889 temporis
856 2800 963 2867 tribuit
976 2801 1096 2866 litteris.
1118 2825 1215 2866 nam-

184 2915 246 2976 que
264 2893 382 2979 aliquot
404 2896 472 2960 eius
498 2894 570 2960 libri
593 2905 675 2973 sunt,
694 2891 818 2961 Graeco
842 2917 985 2961 sermone
1008 2893 1156 2973 confecti,
1176 2896 1215 2961 in

184 2986 233 3052 his
252 2987 294 3052 ad
310 2988 451 3054 Rhodios
470 2988 509 3053 de
529 2987 588 3055 Cn.
602 2988 717 3054 Manlii
724 2988 874 3055 Volsonis
892 2989 925 3054 in
941 2990 1024 3055 Asia
1039 2988 1141 3055 rebus-
1153 3012 1215 3076 ge·

151 3100 167 3146 3
185 3083 252 3148 stis.
288 3081 382 3148 huius
404 3081 479 3147 belli
499 3092 591 3170 gesta
611 3082 702 3148 multi
719 3084 887 3149 memoriae
908 3083 1124 3170 prodiderunt,
1152 3085 1212 3149 sed

184 3203 225 3244 ex
242 3178 291 3243 his
310 3178 383 3257 duo,
402 3177 456 3262 qui
473 3200 547 3245 eum
563 3200 601 3244 eo
621 3178 656 3242 in
678 3179 788 3244 castris
806 3178 932 3245 fuerunt
950 3179 1105 3263 simulque
1122 3179 1215 3243 vixe-

184 3283 266 3352 runt,
285 3273 436 3357 quamdiu
452 3272 579 3337 fortuna
590 3294 687 3359 passa
704 3283 761 3350 est,
778 3271 904 3340 Silenus
923 3283 955 3338 et
968 3270 1092 3340 Sosilus
1105 3273 1214 3338 Lace-

186 3366 378 3460 daemonius.
406 3376 499 3452 atque
517 3367 577 3432 hoo
589 3365 695 3434 Sosilo
708 3366 870 3432 Hannibal
887 3366 1060 3432 litterarum
1071 3363 1212 3433 Graeca-

151 3478 254 3525 rrum
277 3482 353 3526 usus
377 3472 425 3527 est
443 3462 578 3528 doctore.

239 3551 305 3619 Sed
322 3577 380 3619 nos
399 3565 522 3642 tempus
541 3565 590 3620 est
607 3555 700 3620 huius
717 3555 789 3621 libri
806 3556 911 3622 facere
928 3555 1023 3619 linem
1042 3564 1073 3619 et
1090 3554 1213 3621 Roma-

185 3671 297 3713 norum
320 3648 474 3733 explicare
496 3651 714 3736 imperatores,
742 3673 805 3736 quo
823 3651 946 3718 facilius
974 3649 1095 3714 collatis
1121 3658 1212 3715 utro·

184 3766 317 3828 rumque
335 3743 441 3821 factis,
461 3746 515 3829 qui
532 3746 592 3813 viri
608 3745 804 3832 praeferendi
822 3746 893 3824 sint,
911 3745 1013 3830 possit
1029 3743 1170 3810 iudicari
