2564 4410
474 192 762 266 rrmrr'rounss.
1086 196 1128 260 49

107 327 258 393 circulum
280 327 431 403 venisset,
457 324 570 408 inquo
589 333 643 390 aut
665 322 704 387 de
721 322 898 408 republica
919 323 1130 408 disputaretur

106 432 161 487 aut
177 422 216 486 de
233 421 432 507 philosophia
450 440 552 483 sermo
569 418 745 495 haberetur,
763 439 934 501 numquam
951 410 1023 481 inde
1040 418 1127 502 prius

105 516 264 592 discessit,
287 537 387 599 quarn.
404 514 445 578 ad
462 513 557 577 finem
575 533 677 577 sermo
700 521 784 576 esset
805 511 968 575 adductus.
1018 534 1128 596 auper-
1145 532 1161 579 4

104 609 620 715 taoethothppessus
643 614 705 682 est,
732 615 767 668 ut
788 605 827 669 de
848 628 882 669 re
903 604 1030 689 pubhca
1051 629 1083 668 nr

105 714 228 790 praeter
250 703 382 789 gloriam
404 692 729 787 capent,fficorum
750 699 782 762 in
806 720 840 763 se
861 699 977 763 tuendo
996 699 1128 763 caruerit

105 796 318 862 facrrltatibus.
345 795 407 859 fide
425 794 466 859 ad
480 795 557 859 alios
573 792 782 870 sublevandos
801 791 894 877 saepe
913 792 958 857 sic
976 816 1052 857 usus
1071 802 1127 870 est,

104 901 141 954 ut
159 888 291 954 iudicari
307 889 418 974 possit,
437 889 542 953 omnia
559 888 589 951 ei
607 910 678 952 cum
696 886 805 951 amicis
824 886 922 950 fuisse
941 886 1126 951 communia.

103 1008 181 1048 nam
203 1006 274 1047 cum
300 993 354 1047 aut
376 982 492 1047 civium
520 1004 647 1046 suorum
669 981 782 1064 aliquis
806 980 846 1047 ab
873 980 1017 1045 hostibus
1045 990 1162 1049 esscta

107 1087 227 1162 captus,
247 1086 300 1140 aut
318 1076 407 1162 virgo
421 1075 513 1140 amici
529 1074 655 1151 nubilis,
674 1096 755 1158 quae
772 1083 898 1159 propter
913 1084 1128 1161 paupertatem

107 1171 252 1236 collocari
265 1193 329 1234 non
341 1179 458 1255 posset,
474 1169 644 1233 amicorum
654 1167 818 1233 consilium
831 1166 968 1232 habebat
977 1178 1016 1245 et,
1031 1190 1129 1251 quan·
1237 1200 1240 1205 ·

106 1274 173 1328 tum
197 1264 329 1348 quisque
352 1264 452 1340 daret,
475 1284 533 1348 pro
554 1262 755 1326 facultatibus
777 1259 960 1346 imperabat.
997 1283 1128 1345 eamque
1148 1282 1162 1328 6

107 1380 263 1422 summam
281 1358 496 1434 cumfecerat,
515 1357 698 1441 priusquam
711 1355 865 1440 acciperet
882 1355 1056 1439 pecuniam,
1074 1356 1130 1420 ad-

106 1450 242 1515 ducebat
251 1473 332 1528 eum,
351 1451 405 1534 qui
414 1449 592 1533 quaerebat,
611 1450 653 1514 ad
662 1472 725 1526 eos,
745 1449 799 1532 qui
808 1446 1018 1526 conferebant,
1038 1448 1139 1532 cique.

105 1554 143 1620 ut
159 1544 221 1629 ipsi
238 1553 446 1620 numerarent,
458 1556 460 1561 '
470 1542 615 1621 faciebat,
634 1552 669 1606 ut
685 1543 747 1619 ille,
766 1542 807 1606 ad
824 1564 919 1626 quem
937 1564 974 1606 ea
990 1565 1041 1607 res
1059 1565 1129 1628 per-

107 1637 262 1712 veniebat,
283 1636 383 1713 sciret,
403 1645 555 1718 quantum
572 1636 684 1718 cuique
702 1635 838 1699 deberet
918 1694 921 1699 .

123 1775 125 1779 ,
160 1729 218 1793 IV.
248 1730 382 1794 Tentata
399 1739 504 1793 autem
522 1730 589 1794 eius
608 1738 656 1794 est
677 1728 902 1817 abstinentia-„a
917 1729 1161 1797 Diomedontel
1191 1774 1278 1789 --

90 1823 278 1909 ¹Cyziceno.
305 1845 441 1906 namque
459 1825 486 1888 is
504 1832 616 1910 rogatu
633 1806 818 1887 Affir'i'is
836 1823 919 1908 regis
937 1822 1131 1909 Epaminon·
1212 1901 1214 1906 Ι

105 1920 182 1982 dam
199 1918 332 2002 pecunia
355 1919 615 2003 corrumpendum
634 1926 823 2001 susceperat.
854 1916 906 1981 hic
923 1940 1038 2003 magno
1057 1940 1129 1982 cum
1236 1959 1240 1969 =

73 2030 80 2041 ·
107 2013 246 2098 pondere
268 2012 336 2074 auri
353 2011 481 2091 Thebas
503 2010 589 2075 venit
611 2021 642 2075 et
662 2010 841 2096 Micythum
863 2011 1130 2076 adolescentulum

107 2105 246 2188 quinque
264 2105 387 2169 talentis
405 2105 446 2170 ad
464 2128 553 2169 suam
570 2104 716 2189 perduxit
732 2104 932 2181 voluntatem,
951 2127 1045 2188 quem
1063 2115 1129 2170 tum

107 2198 345 2282 Epaminondas
371 2198 540 2284 plurimum
562 2198 721 2283 diligebat.
752 2196 914 2283 Micythus
935 2197 1130 2284 Epaminon·
1224 2200 1227 2207 ’

108 2293 183 2356 dam
201 2292 344 2356 convenit
362 2302 392 2356 et
410 2314 555 2357 caussam
574 2292 725 2356 adventus
743 2291 964 2362 Diomedontis
983 2293 1127 2357 ostendit.

109 2395 141 2450 at
149 2385 201 2475 iile
210 2385 416 2451 Diomedonti
425 2409 539 2463 coram,
552 2385 686 2465 „Nihil,“
697 2385 805 2469 inquit,
819 2409 918 2471 „opus
927 2387 1061 2471 pecunia
1071 2398 1127 2450 est
1147 2405 1207 2451 a„

108 2479 228 2544 namsi
248 2502 305 2544 rex
323 2502 360 2544 ea
376 2479 458 2557 vult,
481 2501 562 2563 quae
581 2478 740 2543 Thebanis
764 2488 837 2542 sunt
858 2478 946 2543 utilia
967 2479 1064 2564 gratis
1082 2478 1129 2543 fa-

108 2594 180 2639 cere
207 2597 278 2638 sum
299 2582 442 2658 paratus3
470 2574 518 2638 sin
542 2583 646 2637 autem
668 2573 833 2650 contraria,
861 2571 1040 2637 nonhabet
1062 2573 1130 2637 auri

108 2675 203 2749 atque
221 2666 343 2753 argenti
361 2667 446 2732 satis.
474 2689 610 2750 namque
628 2665 712 2730 orbis
735 2675 886 2729 terrarum
905 2666 1028 2730 divitias
1047 2666 1128 2730 acci-

108 2781 183 2845 pere
204 2760 277 2825 nolo
298 2783 355 2846 pro
375 2761 494 2846 patriae
517 2760 661 2824 caritate:
692 2769 726 2823 tu
749 2760 835 2853 quod
856 2781 907 2823 me
933 2759 1127 2844 incognitum
1147 2780 1223 2826 aa.-
1260 2806 1263 2811 .

109 2853 235 2919 tentasti
249 2853 355 2936 tuique
370 2853 503 2917 similem
516 2852 710 2930 existimasti,
724 2875 789 2917 non
801 2853 897 2917 miror
910 2852 1027 2936 tibique
1039 2853 1130 2939 igno-

110 2969 178 3024 sco;
206 2948 262 3012 sed
284 2948 432 3033 egredere
453 2969 598 3033 propere,
620 2969 660 3011 ne
678 2946 756 3026 alios
775 2968 964 3033 corrumpas,
988 2969 1061 3012 cum
1077 2970 1128 3011 mc

109 3063 174 3106 non
190 3043 339 3125 potueris.
371 3051 403 3106 et
424 3051 459 3105 tu
476 3041 631 3126 Micythe,
659 3051 824 3127 argentum
845 3041 918 3105 huic
935 3041 1040 3118 redde,
1064 3051 1127 3119 aut,
1232 3061 1234 3067 ’

108 3136 171 3199 nisi
188 3135 222 3198 id
239 3136 403 3201 confestim
421 3136 510 3214 facis,
530 3158 589 3222 ego
608 3146 638 3200 tc
652 3137 773 3200 tradam
790 3137 1017 3222 magistratui.“
1044 3137 1127 3213 hunc
1145 3155 1162 3201 4

108 3229 289 3293 Diomedon
307 3251 379 3294 cum
399 3240 537 3316 rogaret,
559 3240 595 3295 ut
611 3231 780 3296 tutoexire
799 3252 927 3313 suaque,
951 3252 1031 3313 quac
1048 3239 1129 3309 attu-

108 3322 196 3399 lerat,
206 3322 314 3387 liceret
323 3323 442 3400 efferre,
459 3322 734 3407 ‚,Istudquidem‚“
745 3322 855 3406 inquit,
872 3323 1015 3403 „faciam
1026 3345 1127 3406 neque

108 3427 164 3479 tua
182 3438 303 3494 caussa,
323 3418 380 3481 sed
396 3439 479 3494 mea,
503 3439 552 3495 ne,
572 3419 600 3481 si
617 3417 674 3482 tibi
691 3416 733 3482 sit
749 3412 882 3502 pecunia
899 3416 1053 3502 adempta,
1073 3417 1128 3481 ali-

109 3510 179 3592 quis
203 3511 298 3589 dicat,
325 3511 359 3575 id
380 3512 487 3576 adme
506 3521 646 3597 ereptum
666 3511 860 3598 pervenisse,
888 3512 973 3594 quod
990 3511 1127 3576 delatum

93 3603 249 3688 ¹accipere
266 3603 467 3670 noluissem.“
496 3627 589 3689 aquo
603 3628 676 3670 cum
688 3605 872 3689 quaesisset,
891 3625 953 3689 quo
968 3628 1001 3670 se
1015 3606 1127 3670 deduci
1145 3626 1160 3671 5
1254 3674 1257 3679 ,

107 3695 216 3774 vellet,
231 3707 270 3761 'et
285 3698 339 3762 illc
356 3697 499 3763 Athenas
518 3699 661 3776 dixisset,
683 3698 874 3784 praesidium
891 3699 990 3776 dedit,
1009 3709 1044 3762 ut
1060 3707 1127 3761 tuto

106 3790 292 3875 perveniret
307 3788 310 3794 ’
323 3814 425 3875 neque
435 3806 521 3858 'vero
542 3793 575 3856 id
593 3793 669 3858 satis
686 3792 804 3869 habuit,
829 3793 1005 3868 sedetiam,
1029 3800 1063 3855 ut
1080 3792 1127 3855 in-

106 3883 242 3948 violatus
259 3883 293 3947 in
306 3908 421 3959 ,navem
439 3887 627 3964 escenderet,
646 3909 701 3972 pcr
712 3884 881 3951 Chabriam
889 3884 1125 3962 Atheniensem,

104 3977 148 4042 de
165 3999 227 4060 quo
242 4000 336 4063 supra
348 3981 537 4047 mentionem
551 3979 693 4057 fecimus,
713 3980 824 4044 effecit.
851 3977 1056 4044 abstinentiae
1069 3981 1126 4044 erit
1145 4000 1160 4047 c

161 4079 273 4122 Cornelius
282 4077 362 4131 Nepos.
898 4076 918 4130 4
