2564 4410
516 271 758 329 ALCIBIADES.
1105 261 1148 327 23
1165 293 1174 298 ·

124 403 190 461 erat
207 393 290 459 enim
308 392 428 469 eodem,
448 411 511 474 quo
528 386 723 465 Alcibiades,
743 409 847 465 sensu,
864 387 975 473 populi
990 387 1148 473 potentiae

122 512 185 555 non
202 487 321 553 amicus
345 495 376 550 et
393 482 589 570 optimatium
606 480 720 546 fautor.
752 480 792 546 ab
809 480 871 546 hoo
893 481 1062 547 destitutus
1083 483 1147 568 pri·
1164 503 1181 549 4

121 605 208 647 mum
225 602 282 667 per
292 577 536 664 Thrasybulum,
554 575 639 661 Lyci
655 575 765 653 filium,
784 575 824 640 ab
843 576 981 641 exercitu
998 576 1147 662 recipitur
1255 592 1263 603 '

119 684 306 762 praetorque
323 673 359 738 fit
376 672 460 757 apud
480 669 626 749 Samum3
648 678 722 755 post
739 669 931 756 suffragante
950 670 1147 738 Theramene

119 769 229 855 populi
248 768 326 832 scito
343 765 514 831 restituitur
534 765 665 850 parique
683 763 798 828 absens
816 764 946 851 imperio
967 765 1147 849 praeficitur

120 861 216 928 simul
238 883 309 926 cum
327 855 527 944 Thrasybulo
550 867 581 922 et
599 857 804 922 Theramene.
836 857 948 922 horum
965 857 998 921 in
1014 858 1145 944 imperio
1164 879 1179 926 5

117 965 208 1020 tanta
229 955 429 1020 commutatio
450 962 556 1017 rerum
578 951 663 1016 facta
680 960 743 1028 est,
765 961 801 1015 ut
817 951 1071 1030 Lacedaemonii,
1092 953 1147 1036 qui
1255 1002 1260 1011 ,

117 1047 214 1134 paulo
236 1057 309 1113 ante
331 1048 465 1112 victmes
487 1045 665 1132 viguerant,
687 1044 842 1129 perterriti
862 1066 974 1129 pacem
994 1054 1144 1131 peterent

118 1142 195 1206 victi
212 1143 296 1207 enim
314 1149 402 1206 erant
415 1139 553 1224 quinque
566 1137 691 1224 proeliis
706 1137 914 1215 terrestribus,
933 1137 1031 1204 tribus
1049 1162 1146 1204 nava-

118 1234 213 1319 libus,
231 1235 265 1299 in
283 1234 397 1318 quibus
416 1235 567 1298 ducentas
585 1253 683 1296 naves
706 1231 847 1295 triremes
865 1231 1043 1310 amiserant,
1062 1255 1144 1316 quae

117 1337 230 1413 captae
247 1329 281 1392 in
296 1329 435 1394 hostium
452 1326 602 1392 venerant
622 1333 820 1410 potestatem.
847 1323 1030 1391 Alcibiades
1049 1325 1143 1391 simul
1162 1347 1176 1396 6
1249 1376 1254 1395 ,

116 1445 193 1486 cum
219 1422 347 1508 collegis
377 1429 539 1506 receperat
563 1419 703 1497 Ioniam,
732 1418 995 1503 Hellespontum,
1028 1420 1143 1485 multas

117 1524 279 1600 praeterea
304 1510 399 1580 urbes
423 1512 576 1592 Graecas,
604 1535 684 1596 quae
708 1513 742 1577 in
767 1535 822 1577 ora
844 1512 922 1577 sitae
944 1521 1018 1578 sunt
1033 1512 1151 1599 Asiae,

115 1630 253 1692 quarum
266 1616 483 1694 expugnarant
500 1606 685 1691 complures,
703 1606 738 1669 in
754 1605 804 1670 his
817 1605 1023 1691 Byzantium3
1040 1629 1142 1691 neque

117 1703 222 1767 minus
239 1701 354 1765 multas
372 1700 504 1777 consilio,
519 1700 560 1764 ad
577 1698 748 1764 amicitiam
765 1699 986 1778 adiunxerant,
1007 1702 1093 1784 quod
1109 1702 1143 1766 in

116 1805 228 1880 captos
250 1793 415 1863 clementia
435 1793 560 1858 fuerant
581 1792 640 1857 usi.
673 1792 718 1856 ita
733 1792 852 1877 praeda
869 1794 982 1871 onusti,
1005 1793 1175 1881 locuple-7

116 1898 183 1953 tato
201 1889 347 1967 exercitu,
366 1888 511 1953 maximis
528 1886 623 1953 rebus
641 1887 740 1973 gestis
757 1886 901 1952 Athenas
919 1898 1080 1953 venerunt.
1133 1911 1136 1915 ·
1223 1924 1231 1931 ··

169 1981 228 2047 VI.
254 1981 318 2048 His
341 2005 414 2047 eum
431 1982 557 2047 obviam
574 1980 722 2045 universa
744 1978 854 2045 civitas
871 1981 907 2046 in
922 1979 1070 2046 Piraeum
1088 1983 1142 2049 de·
1161 2007 1174 2052 1

114 2076 301 2154 scendisset,
320 2077 407 2141 tanta
423 2075 484 2140 fuit
501 2074 642 2141 omnium
660 2074 851 2160 exspectatio
868 2074 992 2140 visendi
1000 2075 1142 2141 Alcibia-

113 2171 176 2248 dis,
193 2179 230 2235 ut
247 2171 288 2235 ad
309 2169 376 2235 eius
398 2170 556 2235 triremem
572 2169 688 2256 vulgus
707 2169 890 2247 conflueret,
908 2170 1039 2255 proinde
1057 2192 1095 2236 ac
1113 2172 1141 2237 si

113 2263 202 2328 solus
220 2264 408 2330 advenisset.
436 2265 482 2330 sic
498 2264 582 2329 enim
599 2263 716 2349 populo
734 2273 800 2329 erat
816 2287 1017 2350 persuasum,
1036 2275 1068 2330 et
1085 2266 1140 2330 ad·
1158 2288 1173 2335 2

113 2379 223 2423 versas
242 2358 464 2444 superioreset
475 2367 657 2443 praesentes
672 2358 826 2423 secundas
839 2381 890 2425 res
905 2358 1057 2423 accidisse
1071 2360 1139 2424 eius

113 2474 219 2537 opera.
254 2453 361 2536 itaque
382 2460 414 2517 et
437 2450 564 2518 Siciliae
587 2450 740 2517 amissum
766 2462 797 2516 et
813 2452 1140 2518 Lacedaemoniorum

112 2545 259 2610 victorias
278 2544 388 2629 culpae
407 2567 483 2610 suae
500 2543 687 2623 tribuebant,
706 2545 791 2628 quod
809 2545 904 2621 talem
916 2546 1019 2610 virum
1033 2569 1052 2611 e
1064 2547 1140 2611 civi-

110 2647 178 2703 tate
196 2637 398 2723 expulissent.
430 2660 532 2723 neque
552 2638 587 2704 id
605 2638 672 2704 siue
694 2660 808 2705 caussa
825 2639 968 2705 arbitrari
988 2639 1139 2705 videban-

110 2742 173 2796 tur.
209 2754 283 2796 nam
307 2740 475 2817 postquam
501 2732 650 2797 exercitui
675 2754 823 2818 praeesse
850 2742 1009 2818 coeperat,
1035 2755 1138 2816 neque

110 2836 195 2891 terra
215 2847 318 2911 neque
343 2828 423 2891 mari
443 2827 551 2893 hostes
573 2849 665 2913 pares
689 2849 760 2892 esse
785 2837 960 2913 potuerant
992 2829 1044 2892 hic
1065 2840 1136 2894 ute
1155 2848 1170 2897 3

110 2920 185 2984 navi
203 2943 350 3007 egressus
368 2930 425 3000 est,
445 2943 636 3005 quamquam
645 2921 857 2986 Theramenes
877 2931 908 2987 et
917 2921 1136 3008 Thrasybulus

107 3013 231 3079 eisdem
247 3012 343 3078 rebus
360 3014 559 3100 praefuerant
582 3014 736 3098 simulque
757 3025 907 3081 venerant
927 3016 961 3080 in
977 3016 1136 3095 Piraeum,

109 3117 217 3171 tamen
226 3130 324 3171 unum
332 3130 441 3173 omnes
454 3108 544 3173 illum
551 3108 827 3195 persequebantur,
847 3120 887 3188 et,
905 3111 939 3174 id
947 3112 1032 3194 quod
1045 3135 1136 3175 num-

109 3222 206 3283 quam
224 3211 316 3266 antea
332 3225 394 3267 usu
407 3212 535 3267 venerat
551 3202 613 3266 nisi
624 3201 792 3288 Olympiae
810 3203 991 3283 victoribus,
1011 3205 1134 3269 coronis

108 3294 213 3359 aureis
232 3296 405 3380 taeniisque
426 3294 523 3382 vulgo
550 3295 733 3362 donabatur.
769 3296 822 3361 ille
846 3297 1014 3362 lacrimans
1040 3298 1135 3363 talem
1244 3320 1248 3329 ·

108 3387 359 3454 benevolentiam
381 3389 497 3473 civium
526 3410 654 3455 suorum
676 3390 861 3476 accipiebat;
888 3390 1047 3456 reminisci
1072 3390 1135 3477 pri-

110 3480 185 3544 stini
200 3482 349 3568 temporis
368 3482 578 3548 acerbitatem.
604 3492 771 3570 postquam
787 3482 810 3570 [
833 3480 935 3570 ]astu
947 3486 1041 3563 venit,
1060 3508 1135 3550 con·
1151 3506 1168 3552 4

107 3571 194 3636 tione
212 3575 363 3641 advocata
385 3576 437 3656 sic
447 3576 544 3642 verba
560 3577 649 3655 fecit,
672 3588 707 3642 ut
723 3600 816 3643 nemo
839 3588 904 3642 tam
920 3578 1007 3644 ferus
1028 3578 1132 3656 fuerit,

107 3666 186 3750 quin
204 3667 270 3734 eius
289 3691 397 3735 casum
413 3670 582 3736 lacrimarit
599 3670 880 3756 inimicumque‘iis
899 3695 934 3738 se
952 3672 1132 3749 ostenderit,

105 3781 242 3843 quorum
268 3784 362 3847 opera
386 3765 488 3848 patria
513 3764 624 3850 pulsus
646 3762 763 3843 fuerat,
789 3766 920 3852 proinde
943 3788 980 3832 ac
1003 3767 1030 3831 si
1051 3765 1131 3829 alius

105 3856 253 3941 populus,
271 3879 335 3921 non
347 3858 400 3923 ille
416 3859 495 3945 ipse,
511 3859 646 3943 quitum
663 3859 767 3938 flebat,
787 3882 861 3924 eum
875 3859 1031 3945 sacrilegii
1043 3859 1131 3924 dam-

105 3959 223 4015 nasset.
250 3950 394 4017 restituta
415 3974 491 4040 ergo
512 3952 587 4019 huic
609 3964 682 4019 sunt
703 3954 829 4040 publice
850 3953 947 4030 bona,
973 3952 1130 4038 iidemque
1149 3976 1164 4022 a
1259 4010 1264 4029 .

105 4042 369 4132 illillumolpidae
385 4048 562 4115 sacerdotes
576 4070 684 4115 rursus
697 4070 857 4116 resacrare
867 4056 940 4111 sunt
953 4049 1067 4124 coacti,
1077 4049 1140 4128 <nn
