2564 4410
364 194 372 227 l
459 188 462 195 '
721 216 729 222 .

398 262 433 316 T.
447 258 671 316 POMPONIUS
685 256 858 317 ATTIOUS.
999 248 1003 256 ¹
1099 248 1143 313 95
1182 289 1186 296 ·

112 378 201 445 aedis
223 377 310 443 lovis
327 374 510 453 Feretrii,
500 397 534 439 ιιι
553 372 709 459 Capitolio
736 372 776 439 ab
798 373 935 439 Romulo
961 374 1139 453 constituta,

54 464 57 471 ’
103 483 205 538 ‘vetus
206 480 270 536 tate
288 479 381 553 atque
398 468 519 534 incuria
535 468 658 533 detecta
674 465 896 553 prolaberetur,
914 477 950 531 ut
938 468 1068 533 tAttici
1084 466 1187 535 ad-

112 567 235 632 monitu
200 563 370 631 tuCaesar
387 586 457 629 eam
474 562 674 628 reficiendam
692 572 822 627 curaret.
849 583 952 646 neque
970 585 1045 628 vero
1058 587 1078 629 a
1089 563 1137 628 M.
1157 587 1174 633 4

112 658 254 725 Antonio
272 657 377 723 minus
390 656 505 722 absens
523 656 572 720 litt
559 655 633 720 teris
647 654 770 720 colebat
758 665 822 733 t,ur
841 655 920 721 adeo
941 666 977 720 ut
995 667 1138 723 accurate

112 753 166 821 ille
183 774 224 818 ex
240 743 358 816 ultimis
376 751 493 829 terris,
488 749 581 835 quid
598 757 719 836 ageret,
738 769 831 814 curae
850 747 910 814 sibi
926 747 1056 815 haberet
1073 773 1141 817 cer-

113 838 224 916 tionem
242 845 346 911 facere
363 842 410 909 At
397 845 517 910 tticum.
545 843 605 909 hoc
622 842 715 928 quale
733 843 787 921 sit,
806 842 930 909 facilius
949 844 1176 915 existimabit·
1157 879 1206 919 a,

112 941 151 1019 is,
169 963 224 1025 qur
214 940 452 1007 iudicaret
396 961 438 1025 po
439 939 518 1016 terit,
538 948 673 1022 quantae
691 937 732 1002 sit
750 936 920 1024 sapientiae
938 959 1046 1004 eorum
1066 940 1140 1005 reti·
1189 938 1201 1005 .·''

112 1057 188 1101 nere
196 1058 290 1103 usum
303 1032 624 1116 benevolentiamque,
637 1031 718 1096 inter
726 1053 805 1117 quos
819 1031 1027 1097 maximarum
1035 1055 1139 1099 rerum
1178 1020 1191 1111 ξ’

111 1151 177 1195 non
195 1128 296 1194 solum
319 1127 501 1205 aemulatio,
524 1126 581 1192 sed
603 1124 787 1191 obtrectatio
809 1133 896 1191 tauta
916 1125 1138 1206 intercedebat,
1173 1126 1182 1199 Ξ
1205 1148 1211 1167 ·

112 1232 262 1307 quantam
280 1220 341 1286 fuit
356 1221 493 1287 incidere
510 1241 640 1285 necesse
656 1216 917 1285 interCaesarem
935 1220 1140 1304 atqueAnto-

111 1315 212 1392 nium,
230 1336 301 1380 cum
320 1336 355 1380 se
372 1325 503 1399 uterque
520 1314 693 1400 principem
710 1335 775 1378 non
788 1313 891 1378 solum
904 1313 991 1380 urbis
1005 1313 1136 1392 Romae,

113 1409 174 1475 sed
192 1408 275 1475 orbis
293 1418 445 1475 terrarum
463 1430 534 1474 esse
552 1418 689 1494 cuperet.

145 1501 266 1567 -XXL
302 1502 374 1567 Tali
399 1502 494 1567 modo
516 1523 589 1567 cum
616 1511 737 1588 septem
758 1511 790 1566 et
816 1502 1017 1589 septuaginta
1038 1525 1137 1569 annos
1158 1524 1170 1570 ι

110 1595 303 1681 complesset
320 1603 413 1678 atque
432 1595 472 1659 ad
490 1591 662 1659 extremam
680 1605 873 1660 senectutem
890 1619 952 1661 non
970 1597 1074 1662 minus
1092 1597 1140 1661 di-

109 1689 232 1777 gnitate
250 1704 345 1771 quam
362 1689 463 1775 gratia
476 1687 663 1776 fortunaque
677 1688 827 1754 crevisset
841 1687 969 1768 (multas
983 1691 1068 1754 enim
1084 1690 1139 1756 he-

71 1852 77 1859 ,
108 1782 260 1849 reditates
277 1781 362 1846 nulla
381 1781 443 1846 alia
458 1804 493 1846 re
510 1803 606 1866 quam
623 1781 762 1847 bonitate
784 1790 972 1853 consecutus
990 1784 1052 1868 est)
1070 1792 1138 1848 tan-

68 1920 71 1925 ·
108 1887 206 1960 taque
223 1876 428 1961 prosperitate
446 1899 523 1941 usus
538 1885 621 1942 esset
633 1875 832 1954 valetudinis,
850 1885 886 1939 ιιι
902 1876 993 1941 annis
1011 1877 1137 1964 triginta
1156 1899 1173 1945 2

109 1969 267 2035 medicina
284 1992 348 2034 nou
365 1969 561 2056 indiguisset,
580 1978 691 2035 nactus
705 1979 754 2034 est
766 1967 920 2047 morbum,
939 1991 1033 2053 quern
1050 1969 1138 2036 initio

110 2075 143 2129 et
159 2065 228 2150 ipse
241 2074 272 2129 et
286 2064 399 2130 medici
413 2073 676 2150 contempserunt.
702 2086 776 2128 nam
789 2072 937 2150 putarunt
951 2074 1138 2130 esseteues-

109 2181 196 2237 mon,
216 2159 266 2224 cui
283 2159 422 2224 remedia
435 2158 548 2225 celeria
565 2157 733 2244 faciliaque
745 2157 1011 2244 proponebantur
1029 2159 1063 2224 in
1076 2160 1136 2226 hoc
1155 2183 1173 2230 3

110 2274 184 2318 cum
206 2261 269 2317 tres
291 2275 415 2319 menses
439 2253 506 2320 sine
528 2253 601 2323 ullis
619 2252 793 2331 doloribus,
816 2263 1035 2340 praeterquam
1056 2275 1136 2338 quos
1276 2250 1280 2258 ’

111 2367 153 2410 ex
180 2347 340 2412 curatione
365 2347 523 2457 capiebat,
550 2349 811 2434 consumpsisset,
785 2347 987 2412 tsubitot
974 2357 1061 2412 tanta
1087 2350 1135 2413 vis

108 2438 242 2505 morbi
233 2463 266 2504 m
287 2463 385 2505 unum
407 2435 590 2507 intestinum
606 2443 761 2527 prorupit,
784 2452 820 2505 ut
837 2450 977 2507 extremo
995 2452 1135 2528 tempore

107 2554 167 2619 per
181 2532 307 2600 lumbos
325 2534 448 2600 fistulae
465 2535 552 2622 puris
572 2535 737 2621 eruperint.
764 2544 858 2619 atque
875 2535 936 2601 hoc
952 2535 1135 2621 priusquam
1153 2559 1172 2606 4
1214 2612 1217 2619 ,

108 2648 139 2695 er
129 2627 317 2706 accideret,
334 2631 526 2715 postquam
517 2653 551 2695 ιιι
564 2629 631 2695 dies
640 2628 955 2721 ὀριριειιιιςιιιιιιι
968 2628 1135 2715 febresque

107 2722 283 2788 accessisse
301 2724 408 2801 sensit,
427 2723 606 2810 Agrippam
623 2746 775 2811 generum
797 2724 838 2789 ad
856 2746 890 2789 se
908 2724 1027 2789 accersi
1044 2724 1136 2791 iussit

109 2825 140 2881 ot
158 2838 231 2882 cum
249 2839 286 2882 eo
303 2819 345 2883 L.
361 2817 544 2883 Cornelium
561 2818 698 2897 Balbum
713 2816 909 2902 Sextumque
921 2816 1133 2883 Peducaeum.

106 2910 168 2976 hos
184 2919 221 2976 ιιι
237 2911 362 2977 venisse
380 2913 467 2991 vidit,
485 2912 519 2977 in
537 2912 623 2978 cubit
611 2922 677 2976 tum
694 2913 836 2991 innixus,
857 2911 1047 2996 „Quantam
1051 2916 1068 2947 “
1087 2913 1134 2978 in·
1153 2937 1172 2982 o

108 3004 186 3089 quit,
207 3027 335 3085 „curam
348 3006 426 3093 dilig
405 3016 479 3071 cent
478 3007 603 3091 iamque
616 3007 649 3072 in
663 3006 746 3072 valet
747 3007 841 3072 udine
859 3017 956 3073 meat
944 3007 1060 3091 tuenda
1073 3007 1135 3083 hoc

108 3111 248 3188 tempore
262 3101 467 3181 adhibuerim,
486 3124 559 3168 cum
571 3094 628 3168 vos
643 3112 704 3168 test
705 3125 738 3168 es
753 3100 896 3181 habeam,
915 3086 993 3166 nihil
1005 3123 1134 3167 necesse

108 3204 157 3261 est
180 3194 324 3281 pluribus
341 3195 478 3262 ·verbis·
473 3219 735 3262 *commemorare
772 3196 886 3279 quibus
913 3184 1070 3280 quoniam,
1098 3206 1134 3259 ut

107 3312 214 3376 spero,
238 3292 391 3370 satisfeci,
414 3315 465 3358 me
483 3293 561 3357 nihil
577 3292 688 3376 reliqui
706 3291 835 3369 fecisse,
859 3291 945 3375 quod
962 3290 1003 3355 ad
1020 3312 1134 3354 sanan-

107 3384 184 3450 dum
201 3408 253 3452 mc
269 3378 450 3472 pertineret,
472 3386 628 3471 reliquum
646 3394 708 3464 est,
732 3393 909 3472 utegomet
897 3383 1003 3448 tmihi
1021 3405 1134 3449 cousu-

106 3478 179 3545 lam.
208 3479 242 3546 id
259 3503 316 3546 vos
334 3481 477 3568 ignorare
495 3481 590 3547 nolui.
617 3504 695 3545 nam·
713 3479 791 3548 mihi
809 3488 870 3544 stat
888 3477 970 3543 alere
988 3476 1169 3544 morbumc

106 3573 259 3639 desinere.
294 3598 430 3660 namque
456 3575 505 3640 his
532 3575 643 3640 diebus
667 3573 820 3658 quidquid
844 3571 906 3637 cibi
928 3573 1061 3659 sumpsi,
1089 3573 1132 3637 ita

104 3668 242 3753 produxi
258 3669 365 3748 vitam,
383 3679 419 3734 ιιι
436 3669 577 3742 auxerim
594 3668 717 3734 dolores
736 3668 803 3733 sine
822 3689 877 3753 spe
897 3666 1016 3733 salutis.
1035 3687 1131 3749 quare
1243 3694 1248 3701 ·

106 3784 126 3825 a
136 3761 230 3829 vobis
244 3773 317 3849 peto
330 3756 530 3850 primuffi,”'ut
543 3764 706 3829 consilium
720 3761 859 3849 probetis
872 3785 988 3841 meum,
1007 3760 1130 3838 deinde,

105 3877 144 3921 ne
162 3855 280 3923 frustra
297 3858 489 3925 dehortando
507 3856 664 3943 impedire-
676 3857 840 3923 conemini.
845 3861 862 3893 ‘⁴

155 3950 275 4016 XXII
302 3951 375 4017 Hac
398 3953 536 4019 oratione
553 3953 690 4018 habitat
678 3962 765 4018 tanta
787 3951 962 4018 constantia
978 3948 1065 4014 vocis
1084 3957 1164 4015 atr

98 4064 169 4169 ¹que
186 4046 356 4125 vultus,ut
321 4056 435 4113 utnon
453 4071 493 4114 cx
510 4048 583 4126 vita,
603 4048 659 4113 sed
678 4070 717 4113 ex
735 4047 855 4114 domo
845 4070 879 4112 m
897 4045 1027 4110 domum
1042 4043 1132 4108 uide-
