<?xml version="1.0" encoding="UTF-8"?>
<!DOCTYPE html PUBLIC "-//W3C//DTD XHTML 1.0 Transitional//EN"
    "http://www.w3.org/TR/xhtml1/DTD/xhtml1-transitional.dtd">
<html xmlns="http://www.w3.org/1999/xhtml" xml:lang="en" lang="en">
 <head>
  <title>
</title>
<meta http-equiv="Content-Type" content="text/html;charset=utf-8" />
  <meta name='ocr-system' content='tesseract 3.04.00' />
  <meta name='ocr-capabilities' content='ocr_page ocr_carea ocr_par ocr_line ocrx_word'/>
</head>
<body>
  <div class='ocr_page' id='page_1' title='image "./corneliinepotis00kochgoog_0081.png"; bbox 0 0 2564 4410; ppageno 0'>
   <div class='ocr_carea' id='block_1_1' title="bbox 73 223 830 287">
    <p class='ocr_par' dir='ltr' id='par_1_1' title="bbox 73 223 830 287">
     <span class='ocr_line' id='line_1_1' title="bbox 73 223 830 287; baseline -0.005 0"><span class='ocrx_word' id='word_1_1' title='bbox 73 248 77 255; x_wconf 89' lang='lat'>·</span> <span class='ocrx_word' id='word_1_2' title='bbox 141 223 184 287; x_wconf 85' lang='grc'>60</span> <span class='ocrx_word' id='word_1_3' title='bbox 472 230 656 287; x_wconf 79' lang='lat' dir='ltr'>CORNELII</span> <span class='ocrx_word' id='word_1_4' title='bbox 668 230 734 285; x_wconf 89' lang='lat' dir='ltr'>NEI</span> <span class='ocrx_word' id='word_1_5' title='bbox 735 229 830 285; x_wconf 83' lang='lat' dir='ltr'><strong>&#39;OTIS</strong></span> 
     </span>
    </p>
   </div>
   <div class='ocr_carea' id='block_1_2' title="bbox 58 343 1205 2216">
    <p class='ocr_par' dir='ltr' id='par_1_2' title="bbox 58 343 1205 2216">
     <span class='ocr_line' id='line_1_2' title="bbox 142 343 1180 432; baseline -0.003 -18"><span class='ocrx_word' id='word_1_6' title='bbox 142 350 316 432; x_wconf 91' lang='lat' dir='ltr'>eodemque</span> <span class='ocrx_word' id='word_1_7' title='bbox 340 347 433 412; x_wconf 91' lang='lat' dir='ltr'>comit</span> <span class='ocrx_word' id='word_1_8' title='bbox 435 368 468 410; x_wconf 91' lang='lat' dir='ltr'>es</span> <span class='ocrx_word' id='word_1_9' title='bbox 488 367 595 410; x_wconf 88' lang='lat' dir='ltr'>omnes</span> <span class='ocrx_word' id='word_1_10' title='bbox 621 343 841 430; x_wconf 86' lang='lat' dir='ltr'>accubuissent</span> <span class='ocrx_word' id='word_1_11' title='bbox 829 344 952 408; x_wconf 85' lang='lat' dir='ltr'>tvestit</span> <span class='ocrx_word' id='word_1_12' title='bbox 952 367 974 409; x_wconf 91' lang='lat' dir='ltr'>u</span> <span class='ocrx_word' id='word_1_13' title='bbox 940 343 1108 411; x_wconf 88' lang='lat' dir='ltr'>thumili</span> <span class='ocrx_word' id='word_1_14' title='bbox 1126 358 1180 413; x_wconf 83' lang='lat' dir='ltr'>at-·</span> 
     </span>
     <span class='ocr_line' id='line_1_3' title="bbox 142 438 1205 531; baseline -0.003 -21"><span class='ocrx_word' id='word_1_15' title='bbox 142 467 202 529; x_wconf 89' lang='lat' dir='ltr'>que</span> <span class='ocrx_word' id='word_1_16' title='bbox 225 442 379 518; x_wconf 87' lang='lat' dir='ltr'>obsolet,0</span> <span class='ocrx_word' id='word_1_17' title='bbox 402 452 437 504; x_wconf 93' lang='lat' dir='ltr'>ut</span> <span class='ocrx_word' id='word_1_18' title='bbox 459 462 565 504; x_wconf 89' lang='lat' dir='ltr'>eorum</span> <span class='ocrx_word' id='word_1_19' title='bbox 584 449 711 504; x_wconf 89' lang='lat' dir='ltr'>ornatus</span> <span class='ocrx_word' id='word_1_20' title='bbox 734 462 798 504; x_wconf 93' lang='lat' dir='ltr'>non</span> <span class='ocrx_word' id='word_1_21' title='bbox 820 439 969 505; x_wconf 91' lang='lat' dir='ltr'>modom</span> <span class='ocrx_word' id='word_1_22' title='bbox 989 438 1042 504; x_wconf 87' lang='lat' dir='ltr'>his</span> <span class='ocrx_word' id='word_1_23' title='bbox 1060 462 1168 528; x_wconf 84' lang='lat' dir='ltr'>regem</span> <span class='ocrx_word' id='word_1_24' title='bbox 1202 450 1205 531; x_wconf 72' lang='lat' dir='ltr'><strong>j</strong></span> 
     </span>
     <span class='ocr_line' id='line_1_4' title="bbox 140 531 1168 643; baseline -0.002 -41"><span class='ocrx_word' id='word_1_25' title='bbox 140 538 299 603; x_wconf 88' lang='lat' dir='ltr'>neminem</span> <span class='ocrx_word' id='word_1_26' title='bbox 317 535 515 621; x_wconf 82' lang='lat' dir='ltr'>significaret,</span> <span class='ocrx_word' id='word_1_27' title='bbox 535 533 592 597; x_wconf 90' lang='lat' dir='ltr'>sed</span> <span class='ocrx_word' id='word_1_28' title='bbox 608 533 750 598; x_wconf 91' lang='lat' dir='ltr'>homines</span> <span class='ocrx_word' id='word_1_29' title='bbox 764 555 828 597; x_wconf 93' lang='lat' dir='ltr'>non</span> <span class='ocrx_word' id='word_1_30' title='bbox 845 531 926 597; x_wconf 83' lang='lat' dir='ltr'>beat&#39;</span> <span class='ocrx_word' id='word_1_31' title='bbox 905 532 1045 598; x_wconf 79' lang='lat' dir='ltr'>tissimus</span> <span class='ocrx_word' id='word_1_32' title='bbox 1065 536 1168 643; x_wconf 90' lang='lat' dir='ltr'>suspi-</span> 
     </span>
     <span class='ocr_line' id='line_1_5' title="bbox 107 581 1167 715; baseline -0.003 -17"><span class='ocrx_word' id='word_1_33' title='bbox 107 653 122 698; x_wconf 81' lang='lat'><strong>3</strong></span> <span class='ocrx_word' id='word_1_34' title='bbox 142 633 264 697; x_wconf 88' lang='lat' dir='ltr'>cionem</span> <span class='ocrx_word' id='word_1_35' title='bbox 279 629 452 715; x_wconf 89' lang='lat' dir='ltr'>praeberet.</span> <span class='ocrx_word' id='word_1_36' title='bbox 432 581 573 692; x_wconf 80' lang='lat' dir='ltr'>thirius</span> <span class='ocrx_word' id='word_1_37' title='bbox 592 627 632 692; x_wconf 90' lang='lat' dir='ltr'>de</span> <span class='ocrx_word' id='word_1_38' title='bbox 650 628 765 692; x_wconf 82' lang='lat' dir='ltr'>advent</span> <span class='ocrx_word' id='word_1_39' title='bbox 753 636 787 690; x_wconf 96' lang='lat' dir='ltr'>tu</span> <span class='ocrx_word' id='word_1_40' title='bbox 809 627 894 691; x_wconf 86' lang='lat' dir='ltr'>fama</span> <span class='ocrx_word' id='word_1_41' title='bbox 912 649 984 692; x_wconf 90' lang='lat' dir='ltr'>cum</span> <span class='ocrx_word' id='word_1_42' title='bbox 1002 628 1046 692; x_wconf 89' lang='lat' dir='ltr'>ad</span> <span class='ocrx_word' id='word_1_43' title='bbox 1062 629 1167 715; x_wconf 86' lang='lat' dir='ltr'>regios</span> 
     </span>
     <span class='ocr_line' id='line_1_6' title="bbox 143 721 1166 810; baseline -0.002 -20"><span class='ocrx_word' id='word_1_44' title='bbox 143 735 226 790; x_wconf 89' lang='lat' dir='ltr'>esset</span> <span class='ocrx_word' id='word_1_45' title='bbox 246 723 379 810; x_wconf 83' lang='lat' dir='ltr'>perlata,</span> <span class='ocrx_word' id='word_1_46' title='bbox 404 721 545 786; x_wconf 88' lang='lat' dir='ltr'>celeriter</span> <span class='ocrx_word' id='word_1_47' title='bbox 567 743 697 785; x_wconf 89' lang='lat' dir='ltr'>munera</span> <span class='ocrx_word' id='word_1_48' title='bbox 715 743 752 786; x_wconf 93' lang='lat' dir='ltr'>eo</span> <span class='ocrx_word' id='word_1_49' title='bbox 775 722 926 805; x_wconf 88' lang='lat' dir='ltr'>cuiusque</span> <span class='ocrx_word' id='word_1_50' title='bbox 948 722 1075 808; x_wconf 82' lang='lat' dir='ltr'>generis</span> <span class='ocrx_word' id='word_1_51' title='bbox 1095 732 1166 788; x_wconf 89' lang='lat' dir='ltr'>sunt</span> 
     </span>
     <span class='ocr_line' id='line_1_7' title="bbox 141 814 1165 901; baseline -0.004 -16"><span class='ocrx_word' id='word_1_52' title='bbox 141 819 243 884; x_wconf 85' lang='lat' dir='ltr'>allata.</span> <span class='ocrx_word' id='word_1_53' title='bbox 279 818 328 881; x_wconf 93' lang='lat' dir='ltr'>his</span> <span class='ocrx_word' id='word_1_54' title='bbox 356 815 577 899; x_wconf 81' lang='lat' dir='ltr'>quaerentibus</span> <span class='ocrx_word' id='word_1_55' title='bbox 601 815 788 901; x_wconf 83' lang='lat' dir='ltr'>Agesilaum</span> <span class='ocrx_word' id='word_1_56' title='bbox 811 816 865 879; x_wconf 85' lang='lat' dir='ltr'>vix</span> <span class='ocrx_word' id='word_1_57' title='bbox 889 815 968 880; x_wconf 86' lang='lat' dir='ltr'>fides</span> <span class='ocrx_word' id='word_1_58' title='bbox 995 814 1082 881; x_wconf 85' lang='lat' dir='ltr'>facta</span> <span class='ocrx_word' id='word_1_59' title='bbox 1109 826 1165 895; x_wconf 87' lang='lat' dir='ltr'>est,</span> 
     </span>
     <span class='ocr_line' id='line_1_8' title="bbox 107 910 1165 997; baseline -0.003 -18"><span class='ocrx_word' id='word_1_60' title='bbox 107 935 123 979; x_wconf 76' lang='lat'>4</span> <span class='ocrx_word' id='word_1_61' title='bbox 141 938 239 978; x_wconf 91' lang='lat' dir='ltr'>unum</span> <span class='ocrx_word' id='word_1_62' title='bbox 261 935 331 978; x_wconf 89' lang='lat' dir='ltr'>esse</span> <span class='ocrx_word' id='word_1_63' title='bbox 355 933 395 976; x_wconf 85' lang='lat' dir='ltr'>ex</span> <span class='ocrx_word' id='word_1_64' title='bbox 416 911 479 988; x_wconf 91' lang='lat' dir='ltr'>his,</span> <span class='ocrx_word' id='word_1_65' title='bbox 508 911 562 993; x_wconf 92' lang='lat' dir='ltr'>qui</span> <span class='ocrx_word' id='word_1_66' title='bbox 584 919 651 974; x_wconf 89' lang='lat' dir='ltr'>tum</span> <span class='ocrx_word' id='word_1_67' title='bbox 673 910 877 976; x_wconf 85' lang='lat' dir='ltr'>accubabant.</span> <span class='ocrx_word' id='word_1_68' title='bbox 907 910 967 994; x_wconf 42' lang='lat' dir='ltr'>‘qui</span> <span class='ocrx_word' id='word_1_69' title='bbox 985 932 1060 975; x_wconf 88' lang='lat' dir='ltr'>eum</span> <span class='ocrx_word' id='word_1_70' title='bbox 1081 913 1165 997; x_wconf 84' lang='lat' dir='ltr'>regis</span> 
     </span>
     <span class='ocr_line' id='line_1_9' title="bbox 139 1005 1166 1090; baseline -0.001 -17"><span class='ocrx_word' id='word_1_71' title='bbox 139 1008 258 1085; x_wconf 87' lang='lat' dir='ltr'>verbis,</span> <span class='ocrx_word' id='word_1_72' title='bbox 281 1028 361 1090; x_wconf 89' lang='lat' dir='ltr'>quae</span> <span class='ocrx_word' id='word_1_73' title='bbox 380 1005 560 1083; x_wconf 89' lang='lat' dir='ltr'>attulerant,</span> <span class='ocrx_word' id='word_1_74' title='bbox 585 1005 757 1082; x_wconf 85' lang='lat' dir='ltr'>dedissent,</span> <span class='ocrx_word' id='word_1_75' title='bbox 781 1005 833 1070; x_wconf 88' lang='lat' dir='ltr'>ille</span> <span class='ocrx_word' id='word_1_76' title='bbox 855 1014 979 1090; x_wconf 86' lang='lat' dir='ltr'>praeter</span> <span class='ocrx_word' id='word_1_77' title='bbox 1000 1005 1166 1072; x_wconf 85' lang='lat' dir='ltr'>vitulinam</span> 
     </span>
     <span class='ocr_line' id='line_1_10' title="bbox 140 1099 1167 1186; baseline 0 -20"><span class='ocrx_word' id='word_1_78' title='bbox 140 1112 172 1166; x_wconf 90' lang='lat' dir='ltr'>et</span> <span class='ocrx_word' id='word_1_79' title='bbox 190 1101 344 1166; x_wconf 91' lang='lat' dir='ltr'>eiusmodi</span> <span class='ocrx_word' id='word_1_80' title='bbox 364 1122 480 1186; x_wconf 82' lang='lat' dir='ltr'>genera</span> <span class='ocrx_word' id='word_1_81' title='bbox 502 1099 638 1184; x_wconf 90' lang='lat' dir='ltr'>opsonii,</span> <span class='ocrx_word' id='word_1_82' title='bbox 662 1121 742 1183; x_wconf 93' lang='lat' dir='ltr'>quae</span> <span class='ocrx_word' id='word_1_83' title='bbox 764 1119 914 1184; x_wconf 87' lang='lat' dir='ltr'>praesens</span> <span class='ocrx_word' id='word_1_84' title='bbox 939 1108 1065 1184; x_wconf 85' lang='lat' dir='ltr'>tempus</span> <span class='ocrx_word' id='word_1_85' title='bbox 1083 1100 1167 1165; x_wconf 88' lang='lat' dir='ltr'>desi-</span> 
     </span>
     <span class='ocr_line' id='line_1_11' title="bbox 140 1193 1167 1279; baseline -0.001 -19"><span class='ocrx_word' id='word_1_86' title='bbox 140 1194 282 1273; x_wconf 91' lang='lat' dir='ltr'>derabat,</span> <span class='ocrx_word' id='word_1_87' title='bbox 308 1194 387 1258; x_wconf 93' lang='lat' dir='ltr'>nihil</span> <span class='ocrx_word' id='word_1_88' title='bbox 408 1194 543 1278; x_wconf 88' lang='lat' dir='ltr'>accepit;</span> <span class='ocrx_word' id='word_1_89' title='bbox 570 1203 744 1279; x_wconf 81' lang='lat' dir='ltr'>unguenta,</span> <span class='ocrx_word' id='word_1_90' title='bbox 772 1215 903 1258; x_wconf 89' lang='lat' dir='ltr'>coronas</span> <span class='ocrx_word' id='word_1_91' title='bbox 931 1193 1167 1278; x_wconf 60' lang='lat' dir='ltr'>secundaer</span> 
     </span>
     <span class='ocr_line' id='line_1_12' title="bbox 106 1286 1193 1372; baseline -0.006 -17"><span class='ocrx_word' id='word_1_92' title='bbox 106 1304 281 1356; x_wconf 75' lang='lat' dir='ltr'>amensam</span> <span class='ocrx_word' id='word_1_93' title='bbox 305 1289 403 1353; x_wconf 89' lang='lat' dir='ltr'>servis</span> <span class='ocrx_word' id='word_1_94' title='bbox 426 1288 592 1372; x_wconf 86' lang='lat' dir='ltr'>dispertiit3</span> <span class='ocrx_word' id='word_1_95' title='bbox 617 1298 719 1351; x_wconf 87' lang='lat' dir='ltr'>cetera</span> <span class='ocrx_word' id='word_1_96' title='bbox 739 1287 849 1351; x_wconf 86' lang='lat' dir='ltr'>referri</span> <span class='ocrx_word' id='word_1_97' title='bbox 866 1286 966 1359; x_wconf 88' lang='lat' dir='ltr'>iussit</span> <span class='ocrx_word' id='word_1_98' title='bbox 998 1309 1063 1370; x_wconf 90' lang='lat' dir='ltr'>quo</span> <span class='ocrx_word' id='word_1_99' title='bbox 1079 1288 1168 1354; x_wconf 86' lang='lat' dir='ltr'>facto</span> <span class='ocrx_word' id='word_1_100' title='bbox 1189 1344 1193 1349; x_wconf 90' lang='lat'>.</span> 
     </span>
     <span class='ocr_line' id='line_1_13' title="bbox 140 1381 1168 1469; baseline 0.001 -22"><span class='ocrx_word' id='word_1_101' title='bbox 140 1406 212 1447; x_wconf 89' lang='lat' dir='ltr'>eum</span> <span class='ocrx_word' id='word_1_102' title='bbox 230 1382 354 1447; x_wconf 87' lang='lat' dir='ltr'>barbari</span> <span class='ocrx_word' id='word_1_103' title='bbox 372 1381 473 1466; x_wconf 86' lang='lat' dir='ltr'>magis</span> <span class='ocrx_word' id='word_1_104' title='bbox 493 1381 586 1444; x_wconf 88' lang='lat' dir='ltr'>etiam</span> <span class='ocrx_word' id='word_1_105' title='bbox 600 1390 861 1465; x_wconf 88' lang='lat' dir='ltr'>contempserunt,</span> <span class='ocrx_word' id='word_1_106' title='bbox 881 1381 966 1465; x_wconf 89' lang='lat' dir='ltr'>quod</span> <span class='ocrx_word' id='word_1_107' title='bbox 984 1402 1059 1445; x_wconf 90' lang='lat' dir='ltr'>eum</span> <span class='ocrx_word' id='word_1_108' title='bbox 1075 1381 1168 1469; x_wconf 85' lang='lat' dir='ltr'>igno-</span> 
     </span>
     <span class='ocr_line' id='line_1_14' title="bbox 139 1474 1168 1559; baseline 0.002 -20"><span class='ocrx_word' id='word_1_109' title='bbox 139 1476 240 1540; x_wconf 89' lang='lat' dir='ltr'>rantia</span> <span class='ocrx_word' id='word_1_110' title='bbox 257 1475 411 1539; x_wconf 89' lang='lat' dir='ltr'>bonarum</span> <span class='ocrx_word' id='word_1_111' title='bbox 428 1496 532 1538; x_wconf 90' lang='lat' dir='ltr'>rerum</span> <span class='ocrx_word' id='word_1_112' title='bbox 550 1474 604 1538; x_wconf 85' lang='lat' dir='ltr'>illa</span> <span class='ocrx_word' id='word_1_113' title='bbox 624 1474 824 1559; x_wconf 89' lang='lat' dir='ltr'>potissimum</span> <span class='ocrx_word' id='word_1_114' title='bbox 843 1475 1016 1559; x_wconf 83' lang='lat' dir='ltr'>sumpsisse</span> <span class='ocrx_word' id='word_1_115' title='bbox 1034 1475 1168 1541; x_wconf 68' lang='lat' dir='ltr'>arbitra</span> 
     </span>
     <span class='ocr_line' id='line_1_15' title="bbox 107 1567 1168 1657; baseline -0.003 -20"><span class='ocrx_word' id='word_1_116' title='bbox 107 1592 121 1637; x_wconf 83' lang='grc' dir='ltr'>ιι</span> <span class='ocrx_word' id='word_1_117' title='bbox 140 1570 262 1635; x_wconf 84' lang='lat' dir='ltr'>bantur.</span> <span class='ocrx_word' id='word_1_118' title='bbox 289 1569 341 1633; x_wconf 89' lang='lat' dir='ltr'>hic</span> <span class='ocrx_word' id='word_1_119' title='bbox 359 1591 431 1633; x_wconf 89' lang='lat' dir='ltr'>cum</span> <span class='ocrx_word' id='word_1_120' title='bbox 449 1590 488 1632; x_wconf 90' lang='lat' dir='ltr'>ex</span> <span class='ocrx_word' id='word_1_121' title='bbox 502 1567 652 1654; x_wconf 85' lang='lat' dir='ltr'>Aegypto</span> <span class='ocrx_word' id='word_1_122' title='bbox 669 1578 884 1646; x_wconf 83' lang='lat' dir='ltr'>reverteretur,</span> <span class='ocrx_word' id='word_1_123' title='bbox 904 1570 1039 1634; x_wconf 92' lang='lat' dir='ltr'>donatus</span> <span class='ocrx_word' id='word_1_124' title='bbox 1058 1594 1079 1634; x_wconf 93' lang='lat' dir='ltr'>a</span> <span class='ocrx_word' id='word_1_125' title='bbox 1091 1592 1168 1657; x_wconf 86' lang='lat' dir='ltr'>rege</span> 
     </span>
     <span class='ocr_line' id='line_1_16' title="bbox 138 1662 1169 1751; baseline 0 -23"><span class='ocrx_word' id='word_1_126' title='bbox 138 1662 351 1728; x_wconf 81' lang='lat' dir='ltr'>Nectanabide</span> <span class='ocrx_word' id='word_1_127' title='bbox 370 1663 512 1727; x_wconf 89' lang='lat' dir='ltr'>ducentis</span> <span class='ocrx_word' id='word_1_128' title='bbox 527 1663 639 1749; x_wconf 86' lang='lat' dir='ltr'>viginti</span> <span class='ocrx_word' id='word_1_129' title='bbox 657 1663 790 1740; x_wconf 88' lang='lat' dir='ltr'>talentis,</span> <span class='ocrx_word' id='word_1_130' title='bbox 809 1685 890 1747; x_wconf 89' lang='lat' dir='ltr'>quae</span> <span class='ocrx_word' id='word_1_131' title='bbox 907 1663 960 1727; x_wconf 94' lang='lat' dir='ltr'>ille</span> <span class='ocrx_word' id='word_1_132' title='bbox 973 1664 1099 1728; x_wconf 87' lang='lat' dir='ltr'>muneri</span> <span class='ocrx_word' id='word_1_133' title='bbox 1111 1687 1169 1751; x_wconf 92' lang='lat' dir='ltr'>po-</span> 
     </span>
     <span class='ocr_line' id='line_1_17' title="bbox 138 1756 1169 1845; baseline 0.002 -24"><span class='ocrx_word' id='word_1_134' title='bbox 138 1758 213 1845; x_wconf 88' lang='lat' dir='ltr'>pulo</span> <span class='ocrx_word' id='word_1_135' title='bbox 232 1780 289 1823; x_wconf 91' lang='lat' dir='ltr'>suo</span> <span class='ocrx_word' id='word_1_136' title='bbox 308 1758 403 1836; x_wconf 85' lang='lat' dir='ltr'>daret,</span> <span class='ocrx_word' id='word_1_137' title='bbox 422 1758 622 1841; x_wconf 84' lang='lat' dir='ltr'>venissetque</span> <span class='ocrx_word' id='word_1_138' title='bbox 640 1758 673 1820; x_wconf 93' lang='lat' dir='ltr'>in</span> <span class='ocrx_word' id='word_1_139' title='bbox 689 1767 824 1841; x_wconf 87' lang='lat' dir='ltr'>portum,</span> <span class='ocrx_word' id='word_1_140' title='bbox 843 1757 897 1841; x_wconf 90' lang='lat' dir='ltr'>qui</span> <span class='ocrx_word' id='word_1_141' title='bbox 914 1756 1055 1822; x_wconf 87' lang='lat' dir='ltr'>Menelai</span> <span class='ocrx_word' id='word_1_142' title='bbox 1073 1780 1169 1825; x_wconf 85' lang='lat' dir='ltr'>voca-</span> 
     </span>
     <span class='ocr_line' id='line_1_18' title="bbox 137 1850 1170 1938; baseline 0.001 -22"><span class='ocrx_word' id='word_1_143' title='bbox 137 1862 189 1916; x_wconf 90' lang='lat' dir='ltr'>tur</span> <span class='ocrx_word' id='word_1_144' title='bbox 205 1852 310 1919; x_wconf 88' lang='lat' dir='ltr'>iacens</span> <span class='ocrx_word' id='word_1_145' title='bbox 328 1852 409 1916; x_wconf 89' lang='lat' dir='ltr'>inter</span> <span class='ocrx_word' id='word_1_146' title='bbox 427 1850 568 1937; x_wconf 81' lang='lat' dir='ltr'>Cyrenas</span> <span class='ocrx_word' id='word_1_147' title='bbox 588 1859 618 1915; x_wconf 89' lang='lat' dir='ltr'>et</span> <span class='ocrx_word' id='word_1_148' title='bbox 635 1850 829 1937; x_wconf 85' lang='lat' dir='ltr'>Aegyptum,</span> <span class='ocrx_word' id='word_1_149' title='bbox 848 1851 882 1914; x_wconf 92' lang='lat' dir='ltr'>in</span> <span class='ocrx_word' id='word_1_150' title='bbox 899 1851 1044 1916; x_wconf 80' lang='lat' dir='ltr'>morbum</span> <span class='ocrx_word' id='word_1_151' title='bbox 1061 1851 1170 1938; x_wconf 92' lang='lat' dir='ltr'>impli-</span> 
     </span>
     <span class='ocr_line' id='line_1_19' title="bbox 60 1942 1170 2030; baseline -0.002 -18"><span class='ocrx_word' id='word_1_152' title='bbox 60 2012 63 2019; x_wconf 82' lang='grc'>,</span> <span class='ocrx_word' id='word_1_153' title='bbox 106 1968 117 2012; x_wconf 83' lang='grc' dir='ltr'>ι</span> <span class='ocrx_word' id='word_1_154' title='bbox 138 1946 218 2010; x_wconf 91' lang='lat' dir='ltr'>citus</span> <span class='ocrx_word' id='word_1_155' title='bbox 236 1945 380 2010; x_wconf 85' lang='lat' dir='ltr'>decessit.</span> <span class='ocrx_word' id='word_1_156' title='bbox 412 1944 457 2009; x_wconf 91' lang='lat' dir='ltr'>ibi</span> <span class='ocrx_word' id='word_1_157' title='bbox 475 1967 547 2009; x_wconf 92' lang='lat' dir='ltr'>eum</span> <span class='ocrx_word' id='word_1_158' title='bbox 566 1945 671 2021; x_wconf 89' lang='lat' dir='ltr'>amici,</span> <span class='ocrx_word' id='word_1_159' title='bbox 694 1967 756 2028; x_wconf 92' lang='lat' dir='ltr'>quo</span> <span class='ocrx_word' id='word_1_160' title='bbox 769 1942 924 2029; x_wconf 72' lang='lat' dir='ltr'>‘Spartam</span> <span class='ocrx_word' id='word_1_161' title='bbox 945 1944 1070 2013; x_wconf 83' lang='lat' dir='ltr'>facilius</span> <span class='ocrx_word' id='word_1_162' title='bbox 1093 1967 1170 2030; x_wconf 87' lang='lat' dir='ltr'>per-</span> 
     </span>
     <span class='ocr_line' id='line_1_20' title="bbox 58 2036 1170 2124; baseline 0.002 -21"><span class='ocrx_word' id='word_1_163' title='bbox 58 2040 73 2091; x_wconf 82' lang='grc'>-’</span> <span class='ocrx_word' id='word_1_164' title='bbox 137 2040 219 2104; x_wconf 83' lang='lat' dir='ltr'>ferre</span> <span class='ocrx_word' id='word_1_165' title='bbox 232 2048 372 2124; x_wconf 85' lang='lat' dir='ltr'>possent,</span> <span class='ocrx_word' id='word_1_166' title='bbox 383 2040 468 2122; x_wconf 93' lang='lat' dir='ltr'>quod</span> <span class='ocrx_word' id='word_1_167' title='bbox 482 2039 544 2103; x_wconf 92' lang='lat' dir='ltr'>mel</span> <span class='ocrx_word' id='word_1_168' title='bbox 557 2062 621 2103; x_wconf 91' lang='lat' dir='ltr'>non</span> <span class='ocrx_word' id='word_1_169' title='bbox 630 2038 797 2116; x_wconf 89' lang='lat' dir='ltr'>habebant,</span> <span class='ocrx_word' id='word_1_170' title='bbox 813 2061 885 2105; x_wconf 90' lang='lat' dir='ltr'>cera</span> <span class='ocrx_word' id='word_1_171' title='bbox 894 2036 1170 2118; x_wconf 81' lang='lat' dir='ltr'>circumfuderrmt</span> 
     </span>
     <span class='ocr_line' id='line_1_21' title="bbox 139 2132 640 2216; baseline -0.002 -19"><span class='ocrx_word' id='word_1_172' title='bbox 139 2143 232 2216; x_wconf 87' lang='lat' dir='ltr'>atque</span> <span class='ocrx_word' id='word_1_173' title='bbox 250 2133 294 2196; x_wconf 90' lang='lat' dir='ltr'>ita</span> <span class='ocrx_word' id='word_1_174' title='bbox 312 2133 440 2197; x_wconf 92' lang='lat' dir='ltr'>domum</span> <span class='ocrx_word' id='word_1_175' title='bbox 458 2132 640 2197; x_wconf 89' lang='lat' dir='ltr'>retulerunt.</span> 
     </span>
    </p>
   </div>
   <div class='ocr_carea' id='block_1_3' title="bbox 432 2353 868 2420">
    <p class='ocr_par' dir='ltr' id='par_1_3' title="bbox 432 2353 868 2420">
     <span class='ocr_line' id='line_1_22' title="bbox 432 2353 868 2420; baseline 0.005 -2"><span class='ocrx_word' id='word_1_176' title='bbox 432 2353 562 2419; x_wconf 90' lang='lat' dir='ltr'><strong>XVIII.</strong></span> <span class='ocrx_word' id='word_1_177' title='bbox 598 2353 868 2420; x_wconf 72' lang='lat' dir='ltr'>EUMENES:</span> 
     </span>
    </p>
   </div>
   <div class='ocr_carea' id='block_1_4' title="bbox 39 2507 1168 4101">
    <p class='ocr_par' dir='ltr' id='par_1_4' title="bbox 104 2507 1168 2783">
     <span class='ocr_line' id='line_1_23' title="bbox 104 2507 1168 2594; baseline 0.002 -19"><span class='ocrx_word' id='word_1_178' title='bbox 104 2532 116 2575; x_wconf 89' lang='lat'>1</span> <span class='ocrx_word' id='word_1_179' title='bbox 187 2508 213 2571; x_wconf 89' lang='lat'>1.</span> <span class='ocrx_word' id='word_1_180' title='bbox 240 2507 402 2572; x_wconf 84' lang='lat' dir='ltr'>Eumenes</span> <span class='ocrx_word' id='word_1_181' title='bbox 418 2507 604 2574; x_wconf 85' lang='lat' dir='ltr'>Cardianus.</span> <span class='ocrx_word' id='word_1_182' title='bbox 631 2508 727 2573; x_wconf 90' lang='lat' dir='ltr'>huius</span> <span class='ocrx_word' id='word_1_183' title='bbox 747 2510 774 2573; x_wconf 92' lang='lat' dir='ltr'>si</span> <span class='ocrx_word' id='word_1_184' title='bbox 791 2509 898 2574; x_wconf 91' lang='lat' dir='ltr'>virtuti</span> <span class='ocrx_word' id='word_1_185' title='bbox 915 2531 973 2594; x_wconf 88' lang='lat' dir='ltr'>par</span> <span class='ocrx_word' id='word_1_186' title='bbox 990 2509 1065 2575; x_wconf 86' lang='lat' dir='ltr'>data</span> <span class='ocrx_word' id='word_1_187' title='bbox 1079 2523 1168 2577; x_wconf 87' lang='lat' dir='ltr'>esset</span> 
     </span>
     <span class='ocr_line' id='line_1_24' title="bbox 135 2601 1167 2689; baseline 0.006 -24"><span class='ocrx_word' id='word_1_188' title='bbox 135 2601 269 2678; x_wconf 85' lang='lat' dir='ltr'>fortuna,</span> <span class='ocrx_word' id='word_1_189' title='bbox 288 2624 352 2666; x_wconf 88' lang='lat' dir='ltr'>non</span> <span class='ocrx_word' id='word_1_190' title='bbox 367 2601 420 2666; x_wconf 92' lang='lat' dir='ltr'>ille</span> <span class='ocrx_word' id='word_1_191' title='bbox 438 2603 565 2685; x_wconf 91' lang='lat' dir='ltr'>quidem</span> <span class='ocrx_word' id='word_1_192' title='bbox 583 2604 691 2680; x_wconf 89' lang='lat' dir='ltr'>maior,</span> <span class='ocrx_word' id='word_1_193' title='bbox 712 2603 768 2668; x_wconf 87' lang='lat' dir='ltr'>sed</span> <span class='ocrx_word' id='word_1_194' title='bbox 785 2602 884 2667; x_wconf 90' lang='lat' dir='ltr'>multo</span> <span class='ocrx_word' id='word_1_195' title='bbox 901 2603 1052 2669; x_wconf 89' lang='lat' dir='ltr'>illustrior</span> <span class='ocrx_word' id='word_1_196' title='bbox 1068 2613 1167 2689; x_wconf 87' lang='lat' dir='ltr'>atque</span> 
     </span>
     <span class='ocr_line' id='line_1_25' title="bbox 136 2695 1165 2783; baseline 0.004 -22"><span class='ocrx_word' id='word_1_197' title='bbox 136 2696 229 2761; x_wconf 92' lang='lat' dir='ltr'>etiam</span> <span class='ocrx_word' id='word_1_198' title='bbox 247 2695 434 2772; x_wconf 88' lang='lat' dir='ltr'>honoratior,</span> <span class='ocrx_word' id='word_1_199' title='bbox 454 2696 539 2779; x_wconf 92' lang='lat' dir='ltr'>quod</span> <span class='ocrx_word' id='word_1_200' title='bbox 561 2719 693 2783; x_wconf 89' lang='lat' dir='ltr'>magnos</span> <span class='ocrx_word' id='word_1_201' title='bbox 712 2696 854 2761; x_wconf 89' lang='lat' dir='ltr'>homines</span> <span class='ocrx_word' id='word_1_202' title='bbox 872 2697 986 2762; x_wconf 84' lang='lat' dir='ltr'>virtute</span> <span class='ocrx_word' id='word_1_203' title='bbox 1004 2698 1165 2777; x_wconf 89' lang='lat' dir='ltr'>metimur,</span> 
     </span>
    </p>

    <p class='ocr_par' dir='ltr' id='par_1_5' title="bbox 95 2790 1164 3063">
     <span class='ocr_line' id='line_1_26' title="bbox 95 2790 1164 2876; baseline 0.004 -21"><span class='ocrx_word' id='word_1_204' title='bbox 95 2809 116 2865; x_wconf 60' lang='grc' dir='ltr'>,ι</span> <span class='ocrx_word' id='word_1_205' title='bbox 135 2813 198 2855; x_wconf 91' lang='lat' dir='ltr'>non</span> <span class='ocrx_word' id='word_1_206' title='bbox 211 2790 346 2855; x_wconf 87' lang='lat' dir='ltr'>fortuna.</span> <span class='ocrx_word' id='word_1_207' title='bbox 372 2813 447 2855; x_wconf 90' lang='lat' dir='ltr'>nam</span> <span class='ocrx_word' id='word_1_208' title='bbox 461 2812 534 2856; x_wconf 91' lang='lat' dir='ltr'>oum</span> <span class='ocrx_word' id='word_1_209' title='bbox 552 2801 638 2857; x_wconf 85' lang='lat' dir='ltr'>aetas</span> <span class='ocrx_word' id='word_1_210' title='bbox 652 2792 719 2857; x_wconf 90' lang='lat' dir='ltr'>eius</span> <span class='ocrx_word' id='word_1_211' title='bbox 733 2791 895 2856; x_wconf 87' lang='lat' dir='ltr'>incidisset</span> <span class='ocrx_word' id='word_1_212' title='bbox 907 2792 940 2854; x_wconf 91' lang='lat' dir='ltr'>in</span> <span class='ocrx_word' id='word_1_213' title='bbox 953 2814 992 2856; x_wconf 89' lang='lat' dir='ltr'>ea</span> <span class='ocrx_word' id='word_1_214' title='bbox 1007 2800 1164 2876; x_wconf 90' lang='lat' dir='ltr'>tempora,</span> 
     </span>
     <span class='ocr_line' id='line_1_27' title="bbox 134 2884 1164 2969; baseline 0.006 -21"><span class='ocrx_word' id='word_1_215' title='bbox 134 2884 248 2969; x_wconf 90' lang='lat' dir='ltr'>quibus</span> <span class='ocrx_word' id='word_1_216' title='bbox 266 2884 459 2950; x_wconf 86' lang='lat' dir='ltr'>Macedones</span> <span class='ocrx_word' id='word_1_217' title='bbox 481 2885 636 2964; x_wconf 89' lang='lat' dir='ltr'>florerent,</span> <span class='ocrx_word' id='word_1_218' title='bbox 654 2887 788 2951; x_wconf 91' lang='lat' dir='ltr'>multum</span> <span class='ocrx_word' id='word_1_219' title='bbox 806 2887 835 2950; x_wconf 93' lang='lat' dir='ltr'>ei</span> <span class='ocrx_word' id='word_1_220' title='bbox 852 2885 986 2950; x_wconf 82' lang='lat' dir='ltr'>detraxit</span> <span class='ocrx_word' id='word_1_221' title='bbox 1006 2885 1088 2949; x_wconf 91' lang='lat' dir='ltr'>inter</span> <span class='ocrx_word' id='word_1_222' title='bbox 1107 2910 1164 2953; x_wconf 89' lang='lat' dir='ltr'>eos</span> 
     </span>
     <span class='ocr_line' id='line_1_28' title="bbox 133 2978 1163 3063; baseline 0.003 -22"><span class='ocrx_word' id='word_1_223' title='bbox 133 2978 260 3056; x_wconf 88' lang='lat' dir='ltr'>viventi,</span> <span class='ocrx_word' id='word_1_224' title='bbox 280 2979 365 3061; x_wconf 89' lang='lat' dir='ltr'>quod</span> <span class='ocrx_word' id='word_1_225' title='bbox 379 2978 497 3042; x_wconf 87' lang='lat' dir='ltr'>alienae</span> <span class='ocrx_word' id='word_1_226' title='bbox 511 2989 577 3043; x_wconf 89' lang='lat' dir='ltr'>erat</span> <span class='ocrx_word' id='word_1_227' title='bbox 592 2980 736 3058; x_wconf 86' lang='lat' dir='ltr'>civitatis,</span> <span class='ocrx_word' id='word_1_228' title='bbox 754 3002 856 3063; x_wconf 90' lang='lat' dir='ltr'>neque</span> <span class='ocrx_word' id='word_1_229' title='bbox 870 2980 956 3044; x_wconf 87' lang='lat' dir='ltr'>aliud</span> <span class='ocrx_word' id='word_1_230' title='bbox 968 2978 1042 3043; x_wconf 91' lang='lat' dir='ltr'>huic</span> <span class='ocrx_word' id='word_1_231' title='bbox 1059 2979 1163 3045; x_wconf 86' lang='lat' dir='ltr'>defuit</span> 
     </span>
    </p>

    <p class='ocr_par' dir='ltr' id='par_1_6' title="bbox 54 3072 1162 3160">
     <span class='ocr_line' id='line_1_29' title="bbox 54 3072 1162 3160; baseline 0.002 -23"><span class='ocrx_word' id='word_1_232' title='bbox 54 3100 57 3107; x_wconf 89' lang='grc'><strong><em>·</em></strong></span> <span class='ocrx_word' id='word_1_233' title='bbox 100 3090 230 3158; x_wconf 76' lang='lat' dir='ltr'>aquam</span> <span class='ocrx_word' id='word_1_234' title='bbox 251 3093 405 3158; x_wconf 86' lang='lat' dir='ltr'>generosa</span> <span class='ocrx_word' id='word_1_235' title='bbox 427 3072 531 3159; x_wconf 87' lang='lat' dir='ltr'>stirps.</span> <span class='ocrx_word' id='word_1_236' title='bbox 564 3074 622 3138; x_wconf 92' lang='lat' dir='ltr'>etsi</span> <span class='ocrx_word' id='word_1_237' title='bbox 639 3073 691 3138; x_wconf 88' lang='lat' dir='ltr'>ille</span> <span class='ocrx_word' id='word_1_238' title='bbox 709 3074 881 3139; x_wconf 90' lang='lat' dir='ltr'>domestico</span> <span class='ocrx_word' id='word_1_239' title='bbox 904 3095 1026 3139; x_wconf 89' lang='lat' dir='ltr'>summo</span> <span class='ocrx_word' id='word_1_240' title='bbox 1044 3095 1162 3160; x_wconf 83' lang='lat' dir='ltr'>genere</span> 
     </span>
    </p>

    <p class='ocr_par' dir='ltr' id='par_1_7' title="bbox 120 3165 1163 3442">
     <span class='ocr_line' id='line_1_30' title="bbox 120 3165 1163 3253; baseline 0.001 -21"><span class='ocrx_word' id='word_1_241' title='bbox 120 3170 213 3246; x_wconf 86' lang='lat' dir='ltr'>erat,</span> <span class='ocrx_word' id='word_1_242' title='bbox 237 3177 343 3232; x_wconf 89' lang='lat' dir='ltr'>tamen</span> <span class='ocrx_word' id='word_1_243' title='bbox 359 3165 552 3232; x_wconf 81' lang='lat' dir='ltr'>Macedones</span> <span class='ocrx_word' id='word_1_244' title='bbox 576 3190 649 3231; x_wconf 90' lang='lat' dir='ltr'>eum</span> <span class='ocrx_word' id='word_1_245' title='bbox 671 3168 731 3233; x_wconf 91' lang='lat' dir='ltr'>sibi</span> <span class='ocrx_word' id='word_1_246' title='bbox 754 3168 922 3252; x_wconf 86' lang='lat' dir='ltr'>aliquando</span> <span class='ocrx_word' id='word_1_247' title='bbox 944 3168 1091 3253; x_wconf 87' lang='lat' dir='ltr'>anteponi</span> <span class='ocrx_word' id='word_1_248' title='bbox 1113 3168 1163 3233; x_wconf 90' lang='lat' dir='ltr'>in-</span> 
     </span>
     <span class='ocr_line' id='line_1_31' title="bbox 133 3261 1162 3348; baseline 0 -22"><span class='ocrx_word' id='word_1_249' title='bbox 133 3262 227 3348; x_wconf 79' lang='lat' dir='ltr'>digne</span> <span class='ocrx_word' id='word_1_250' title='bbox 236 3262 387 3339; x_wconf 88' lang='lat' dir='ltr'>ferebant,</span> <span class='ocrx_word' id='word_1_251' title='bbox 397 3283 498 3346; x_wconf 92' lang='lat' dir='ltr'>neque</span> <span class='ocrx_word' id='word_1_252' title='bbox 507 3270 613 3326; x_wconf 87' lang='lat' dir='ltr'>tamen</span> <span class='ocrx_word' id='word_1_253' title='bbox 621 3285 684 3326; x_wconf 94' lang='lat' dir='ltr'>non</span> <span class='ocrx_word' id='word_1_254' title='bbox 692 3262 899 3347; x_wconf 87' lang='lat' dir='ltr'>patiebantur.</span> <span class='ocrx_word' id='word_1_255' title='bbox 918 3261 1067 3327; x_wconf 85' lang='lat' dir='ltr'>vincebat</span> <span class='ocrx_word' id='word_1_256' title='bbox 1075 3262 1162 3326; x_wconf 91' lang='lat' dir='ltr'>enim</span> 
     </span>
     <span class='ocr_line' id='line_1_32' title="bbox 134 3354 1161 3442; baseline 0.002 -23"><span class='ocrx_word' id='word_1_257' title='bbox 134 3376 243 3420; x_wconf 91' lang='lat' dir='ltr'>omnes</span> <span class='ocrx_word' id='word_1_258' title='bbox 263 3378 353 3434; x_wconf 87' lang='lat' dir='ltr'>cura,</span> <span class='ocrx_word' id='word_1_259' title='bbox 376 3355 553 3442; x_wconf 86' lang='lat' dir='ltr'>vigilantia,</span> <span class='ocrx_word' id='word_1_260' title='bbox 576 3356 739 3441; x_wconf 91' lang='lat' dir='ltr'>patientia,</span> <span class='ocrx_word' id='word_1_261' title='bbox 763 3356 930 3421; x_wconf 87' lang='lat' dir='ltr'>calliditate</span> <span class='ocrx_word' id='word_1_262' title='bbox 949 3365 980 3420; x_wconf 90' lang='lat' dir='ltr'>et</span> <span class='ocrx_word' id='word_1_263' title='bbox 1002 3354 1161 3421; x_wconf 87' lang='lat' dir='ltr'>celeritate</span> 
     </span>
    </p>

    <p class='ocr_par' dir='ltr' id='par_1_8' title="bbox 98 3446 1163 3724">
     <span class='ocr_line' id='line_1_33' title="bbox 98 3446 1163 3535; baseline 0 -22"><span class='ocrx_word' id='word_1_264' title='bbox 98 3468 114 3513; x_wconf 76' lang='grc' dir='ltr'>ι</span> <span class='ocrx_word' id='word_1_265' title='bbox 133 3448 260 3534; x_wconf 82' lang='lat' dir='ltr'>ingenii.</span> <span class='ocrx_word' id='word_1_266' title='bbox 292 3450 344 3514; x_wconf 87' lang='lat' dir='ltr'>hio</span> <span class='ocrx_word' id='word_1_267' title='bbox 361 3449 669 3535; x_wconf 87' lang='lat' dir='ltr'>peradolesoentulus</span> <span class='ocrx_word' id='word_1_268' title='bbox 688 3451 728 3515; x_wconf 90' lang='lat' dir='ltr'>ad</span> <span class='ocrx_word' id='word_1_269' title='bbox 746 3450 914 3515; x_wconf 84' lang='lat' dir='ltr'>amicitiam</span> <span class='ocrx_word' id='word_1_270' title='bbox 933 3449 1067 3529; x_wconf 85' lang='lat' dir='ltr'>accessit</span> <span class='ocrx_word' id='word_1_271' title='bbox 1082 3446 1163 3513; x_wconf 92' lang='lat' dir='ltr'>Phi-</span> 
     </span>
     <span class='ocr_line' id='line_1_34' title="bbox 131 3541 1161 3630; baseline 0 -23"><span class='ocrx_word' id='word_1_272' title='bbox 131 3542 218 3628; x_wconf 91' lang='lat' dir='ltr'>lippi,</span> <span class='ocrx_word' id='word_1_273' title='bbox 233 3541 392 3627; x_wconf 85' lang='lat' dir='ltr'>Amyntae</span> <span class='ocrx_word' id='word_1_274' title='bbox 406 3544 472 3621; x_wconf 89' lang='lat' dir='ltr'>filii,</span> <span class='ocrx_word' id='word_1_275' title='bbox 492 3543 642 3627; x_wconf 88' lang='lat' dir='ltr'>brevique</span> <span class='ocrx_word' id='word_1_276' title='bbox 655 3553 794 3630; x_wconf 89' lang='lat' dir='ltr'>tempore</span> <span class='ocrx_word' id='word_1_277' title='bbox 807 3545 841 3609; x_wconf 91' lang='lat' dir='ltr'>in</span> <span class='ocrx_word' id='word_1_278' title='bbox 857 3544 999 3608; x_wconf 88' lang='lat' dir='ltr'>intimam</span> <span class='ocrx_word' id='word_1_279' title='bbox 1015 3543 1161 3629; x_wconf 87' lang='lat' dir='ltr'>pervenit</span> 
     </span>
     <span class='ocr_line' id='line_1_35' title="bbox 132 3636 1159 3724; baseline -0.001 -22"><span class='ocrx_word' id='word_1_280' title='bbox 132 3636 383 3703; x_wconf 85' lang='lat' dir='ltr'>familiaritatem.</span> <span class='ocrx_word' id='word_1_281' title='bbox 411 3637 553 3724; x_wconf 85' lang='lat' dir='ltr'>fulgebat</span> <span class='ocrx_word' id='word_1_282' title='bbox 567 3638 650 3703; x_wconf 92' lang='lat' dir='ltr'>enim</span> <span class='ocrx_word' id='word_1_283' title='bbox 663 3638 726 3704; x_wconf 89' lang='lat' dir='ltr'>iam</span> <span class='ocrx_word' id='word_1_284' title='bbox 739 3639 773 3703; x_wconf 90' lang='lat' dir='ltr'>in</span> <span class='ocrx_word' id='word_1_285' title='bbox 786 3637 1018 3704; x_wconf 87' lang='lat' dir='ltr'>adolescentulo</span> <span class='ocrx_word' id='word_1_286' title='bbox 1035 3636 1159 3702; x_wconf 89' lang='lat' dir='ltr'>indoles</span> 
     </span>
    </p>

    <p class='ocr_par' dir='ltr' id='par_1_9' title="bbox 99 3731 1160 4006">
     <span class='ocr_line' id='line_1_36' title="bbox 99 3731 1160 3815; baseline 0 -18"><span class='ocrx_word' id='word_1_287' title='bbox 99 3750 114 3796; x_wconf 82' lang='lat'>5</span> <span class='ocrx_word' id='word_1_288' title='bbox 133 3732 265 3797; x_wconf 89' lang='lat' dir='ltr'>virtutis.</span> <span class='ocrx_word' id='word_1_289' title='bbox 293 3731 398 3814; x_wconf 89' lang='lat' dir='ltr'>itaque</span> <span class='ocrx_word' id='word_1_290' title='bbox 416 3754 489 3797; x_wconf 88' lang='lat' dir='ltr'>eum</span> <span class='ocrx_word' id='word_1_291' title='bbox 506 3731 616 3797; x_wconf 88' lang='lat' dir='ltr'>habuit</span> <span class='ocrx_word' id='word_1_292' title='bbox 633 3734 674 3798; x_wconf 89' lang='lat' dir='ltr'>ad</span> <span class='ocrx_word' id='word_1_293' title='bbox 691 3756 818 3799; x_wconf 90' lang='lat' dir='ltr'>manum</span> <span class='ocrx_word' id='word_1_294' title='bbox 836 3732 957 3797; x_wconf 87' lang='lat' dir='ltr'>scribae</span> <span class='ocrx_word' id='word_1_295' title='bbox 975 3733 1053 3809; x_wconf 90' lang='lat' dir='ltr'>loco,</span> <span class='ocrx_word' id='word_1_296' title='bbox 1073 3732 1160 3815; x_wconf 89' lang='lat' dir='ltr'>quod</span> 
     </span>
     <span class='ocr_line' id='line_1_37' title="bbox 131 3822 1159 3912; baseline -0.002 -21"><span class='ocrx_word' id='word_1_297' title='bbox 131 3827 230 3892; x_wconf 92' lang='lat' dir='ltr'>multo</span> <span class='ocrx_word' id='word_1_298' title='bbox 248 3826 333 3911; x_wconf 91' lang='lat' dir='ltr'>apud</span> <span class='ocrx_word' id='word_1_299' title='bbox 352 3822 465 3891; x_wconf 89' lang='lat' dir='ltr'>Graios</span> <span class='ocrx_word' id='word_1_300' title='bbox 483 3826 738 3909; x_wconf 71' lang='lat' dir='ltr'>honorificentius</span> <span class='ocrx_word' id='word_1_301' title='bbox 757 3836 805 3893; x_wconf 89' lang='lat' dir='ltr'>est</span> <span class='ocrx_word' id='word_1_302' title='bbox 822 3847 918 3909; x_wconf 88' lang='lat' dir='ltr'>quam</span> <span class='ocrx_word' id='word_1_303' title='bbox 935 3827 1021 3912; x_wconf 90' lang='lat' dir='ltr'>apud</span> <span class='ocrx_word' id='word_1_304' title='bbox 1038 3825 1159 3890; x_wconf 88' lang='lat' dir='ltr'>Roma-</span> 
     </span>
     <span class='ocr_line' id='line_1_38' title="bbox 131 3918 1160 4006; baseline -0.002 -21"><span class='ocrx_word' id='word_1_305' title='bbox 131 3943 199 3985; x_wconf 89' lang='lat' dir='ltr'>nos.</span> <span class='ocrx_word' id='word_1_306' title='bbox 226 3942 362 4005; x_wconf 88' lang='lat' dir='ltr'>namque</span> <span class='ocrx_word' id='word_1_307' title='bbox 375 3921 460 4006; x_wconf 89' lang='lat' dir='ltr'>apud</span> <span class='ocrx_word' id='word_1_308' title='bbox 472 3943 540 3998; x_wconf 91' lang='lat' dir='ltr'>nos,</span> <span class='ocrx_word' id='word_1_309' title='bbox 558 3943 668 3986; x_wconf 85' lang='lat' dir='ltr'>revera</span> <span class='ocrx_word' id='word_1_310' title='bbox 682 3922 763 3987; x_wconf 90' lang='lat' dir='ltr'>siout</span> <span class='ocrx_word' id='word_1_311' title='bbox 780 3929 861 3997; x_wconf 89' lang='lat' dir='ltr'>sunt,</span> <span class='ocrx_word' id='word_1_312' title='bbox 880 3918 1064 3985; x_wconf 89' lang='lat' dir='ltr'>mercenarii</span> <span class='ocrx_word' id='word_1_313' title='bbox 1082 3920 1160 3983; x_wconf 85' lang='lat' dir='ltr'>scri-</span> 
     </span>
    </p>

    <p class='ocr_par' dir='ltr' id='par_1_10' title="bbox 39 4012 1159 4101">
     <span class='ocr_line' id='line_1_39' title="bbox 39 4012 1159 4101; baseline -0.004 -20"><span class='ocrx_word' id='word_1_314' title='bbox 39 4040 44 4051; x_wconf 93' lang='lat'><strong>·</strong></span> <span class='ocrx_word' id='word_1_315' title='bbox 131 4014 191 4081; x_wconf 86' lang='lat' dir='ltr'>bae</span> <span class='ocrx_word' id='word_1_316' title='bbox 205 4016 435 4095; x_wconf 84' lang='lat' dir='ltr'>existimantur3</span> <span class='ocrx_word' id='word_1_317' title='bbox 454 4026 486 4081; x_wconf 86' lang='lat' dir='ltr'>at</span> <span class='ocrx_word' id='word_1_318' title='bbox 499 4015 583 4101; x_wconf 91' lang='lat' dir='ltr'>apud</span> <span class='ocrx_word' id='word_1_319' title='bbox 595 4016 665 4083; x_wconf 90' lang='lat' dir='ltr'>illos</span> <span class='ocrx_word' id='word_1_320' title='bbox 679 4038 696 4081; x_wconf 87' lang='lat' dir='ltr'>e</span> <span class='ocrx_word' id='word_1_321' title='bbox 711 4014 863 4081; x_wconf 89' lang='lat' dir='ltr'>contrario</span> <span class='ocrx_word' id='word_1_322' title='bbox 881 4037 973 4082; x_wconf 90' lang='lat' dir='ltr'>nemo</span> <span class='ocrx_word' id='word_1_323' title='bbox 987 4014 1028 4079; x_wconf 85' lang='lat' dir='ltr'>ad</span> <span class='ocrx_word' id='word_1_324' title='bbox 1040 4012 1074 4077; x_wconf 90' lang='lat' dir='ltr'>id</span> <span class='ocrx_word' id='word_1_325' title='bbox 1087 4013 1159 4078; x_wconf 85' lang='lat' dir='ltr'>offi-</span> 
     </span>
    </p>
   </div>
   <div class='ocr_carea' id='block_1_5' title="bbox 0 0 1286 4410">
    <p class='ocr_par' dir='ltr' id='par_1_11' title="bbox 0 0 1286 4410">
     <span class='ocr_line' id='line_1_40' title="bbox 0 0 1286 4410; baseline 0 1"><span class='ocrx_word' id='word_1_326' title='bbox 0 0 1286 4410; x_wconf 95' lang='lat' dir='ltr'> </span> 
     </span>
    </p>
   </div>
  </div>
 </body>
</html>
