2564 4410
459 228 643 285 CORNELII
659 227 827 286 NEPOTIS

414 471 551 538 XXIII.
586 471 874 538 HANNIBAL.
935 514 939 523 -

100 653 113 696 1
184 629 211 692 Ι.
230 625 401 704 Hannibal,
411 626 601 691 Hamilcaris
611 624 704 703 filius,
713 624 995 713 Carthaginiensis.
1011 626 1040 693 si
1048 650 1166 697 verum

133 733 190 801 est,
209 722 295 807 quod
311 742 404 785 nemo
422 720 552 799 dubitat,
570 730 606 785 ut
622 720 757 807 populus
770 721 935 787 Romanus
953 744 1064 788 omnes
1083 746 1166 811 gen7

133 828 181 881 tes
207 817 321 881 virtute
348 814 514 900 superarit,
541 837 606 879 non
630 823 680 878 est
704 814 917 893 infitiandum,
943 814 1165 883 Hannibalem

101 932 105 941 ·
133 919 220 975 tanto
245 907 440 996 praestitisse
462 918 582 973 ceteros
604 907 808 993 imperatores
833 909 1012 994 prudentia,
1041 920 1164 995 quanto

133 1003 268 1090 populus
286 1001 449 1067 Romanus
472 1001 636 1066 antecedat
657 1001 838 1067 fortitudine
856 1012 985 1068 cunctas
1002 1004 1163 1071 nationes.

100 1119 115 1165 2
133 1121 208 1163 nam
225 1092 483 1180 quotiescumque
501 1117 573 1160 cum
587 1116 624 1160 eo
639 1117 826 1182 congressus
845 1105 893 1161 est
909 1096 942 1161 in
955 1095 1058 1195 Italia2
1077 1120 1167 1165 sem-

132 1215 189 1280 per
206 1192 352 1258 discessit
370 1191 520 1278 superior.
547 1190 632 1274 quod
650 1191 711 1256 uisi
728 1191 815 1257 domi
831 1191 947 1257 civium
965 1213 1096 1258 suorum
1111 1194 1166 1259 in-

133 1287 219 1352 vidia
232 1285 412 1352 debilitatus
427 1295 520 1362 esset,
534 1283 695 1350 Romanos
708 1284 832 1349 videtur
844 1307 993 1371 superare
1005 1286 1163 1373 potuisse.

100 1402 115 1448 3
134 1380 192 1446 sed
208 1377 722 1470 multorumphtreotatipmdepioit
738 1378 832 1467 unius
849 1380 1009 1457 muntem..
1033 1379 1087 1445 hic
1105 1404 1166 1447 an-

118 1454 489 1538 umreffiffieditate
502 1456 646 1536 rehctum
658 1460 769 1537 odium
778 1482 944 1558 paternum
957 1495 1034 1560 erga
1041 1474 1167 1542 Roma·

133 1591 191 1633 nos
211 1568 257 1633 sic
276 1567 482 1645 conservavit,
501 1576 537 1631 ut
552 1567 641 1653 prius
659 1567 797 1632 animam
807 1589 906 1652 quam
921 1568 955 1632 id
968 1568 1164 1655 deposuerit,

134 1662 349 1746 quiquidem,
372 1684 445 1727 cum
465 1661 568 1748 patria
587 1661 699 1746 pulsus
718 1670 802 1727 esset
819 1671 850 1726 et
872 1662 1045 1727 alienarum
1062 1684 1164 1751 opum

133 1755 296 1843 indigeret,
310 1778 482 1841 numquam
496 1755 648 1820 destiterit
661 1756 766 1820 animo
779 1754 895 1821 bellare
913 1777 987 1821 cum
994 1756 1164 1823 Romanis.

102 1872 114 1915 1
184 1850 229 1915 H.
255 1849 339 1916 Nam
360 1860 395 1915 ut
412 1850 554 1915 omittam
571 1848 768 1935 Philippum,
788 1871 883 1934 quem
900 1848 1016 1916 absens
1034 1849 1166 1919 hostem

133 1945 269 2010 reddidit
289 1944 456 2022 Romanis,
479 1944 619 2008 omnium
640 1943 689 2008 his
712 1943 904 2029 temporibus
921 1944 1165 2031 potentissimus

133 2061 190 2103 rex
199 2037 377 2103 Antiochus
395 2038 464 2102 suit.
482 2037 566 2102 huno
579 2045 665 2102 tanta
679 2037 848 2124 cupiditate
861 2038 999 2103 incendit
1010 2037 1164 2119 bellandi,

133 2141 291 2215 utusque
313 2130 443 2196 arubro
465 2131 544 2195 mari
567 2154 654 2196 arma
676 2142 806 2197 conatus
833 2133 875 2197 sit
900 2132 1016 2198 inferre
1036 2132 1163 2199 Italiae.

102 2244 116 2291 2
134 2225 176 2290 ad
192 2246 288 2308 quem
305 2246 377 2290 cum
393 2225 490 2310 legati
503 2225 663 2290 venissent
671 2224 818 2304 Romani,
836 2226 892 2311 qui
908 2225 949 2295 de
966 2226 1035 2291 eius
1047 2226 1166 2293 volun-

134 2329 197 2385 tate
220 2319 417 2406 explorarent
438 2319 610 2404 darentque
632 2342 761 2405 operam
783 2320 922 2386 consiliis
945 2318 1162 2403 clandestinis,

134 2424 168 2479 ut
185 2413 397 2481 Hannibalem
415 2414 449 2478 in
467 2414 678 2505 suspicionem
694 2415 763 2501 regi
780 2414 979 2492 adducerent,
998 2422 1164 2499 tamquam

134 2508 174 2575 ab
191 2509 269 2595 ipsis
288 2519 468 2595 corruptum
485 2510 547 2574 alia
564 2518 657 2594 atque
676 2517 767 2573 antea
785 2510 909 2587 sentire,
927 2530 1030 2592 neque
1047 2509 1081 2574 id
1094 2509 1165 2574 fru-

135 2612 199 2668 stra
215 2603 374 2680 fecissent,
392 2604 488 2686 idque
506 2602 669 2668 Hannibal
686 2604 890 2688 comperisset
908 2624 1005 2687 seque
1022 2602 1064 2669 ab
1080 2602 1164 2668 inte-

133 2696 267 2762 rioribus
285 2697 423 2762 consiliis
442 2697 601 2783 segregari
618 2697 763 2762 vidisset:
781 2706 920 2782 tempore
938 2698 1011 2762 dato
1028 2696 1108 2783 adiit
1120 2698 1164 2763 ad

132 2813 250 2878 regem,
275 2792 365 2875 eique
383 2812 455 2856 cum
472 2791 572 2856 multa
588 2791 628 2856 de
649 2791 711 2856 tide
730 2813 788 2856 sua
805 2800 837 2856 et
853 2792 926 2857 odio
946 2792 980 2855 in
997 2790 1162 2857 Romanos

101 2902 115 2950 3
135 2894 419 2963 commemorasset,
438 2884 499 2950 hoc
508 2885 663 2950 adiunxit:
683 2883 798 2965 „Pater
806 2888 928 2963 meus,“
942 2883 1052 2969 inquit,
1069 2882 1164 2963 „Ha-

133 2978 242 3043 milcar
271 2979 403 3063 puerulo
429 3001 480 3044 me
485 3026 495 3056 ,
526 2989 634 3065 utpote
660 3002 723 3045 non
749 2979 883 3066 amplius
917 3001 1032 3045 novem
1058 3000 1160 3044 annos

134 3082 217 3151 nato,
237 3072 271 3137 in
284 3071 474 3158 Hispaniam
487 3073 656 3159 imperator
668 3072 869 3159 proficiscens
885 3072 1077 3160 Carthagine
1089 3072 1163 3138 Iovi

8 3212 14 3221 ·
100 3186 117 3231 4
135 3168 254 3254 optimo
276 3167 413 3233 maximo
435 3166 553 3233 hostias
575 3167 758 3234 immolavit.
789 3189 870 3252 quae
888 3166 994 3232 divina
1013 3188 1065 3234 res
1083 3166 1162 3233 dum

135 3261 369 3340 conficiebatur,
397 3262 552 3349 quaesiuit
575 3286 595 3328 a
615 3285 680 3340 me,
702 3262 857 3327 vellemne
876 3284 984 3328 secum
1005 3261 1040 3326 in
1057 3269 1163 3327 casua

133 3354 297 3440 proficisci
323 3356 357 3421 id
374 3376 447 3421 cum
464 3355 597 3422 libenter
613 3356 806 3441 accepissem
824 3366 918 3441 atque
936 3354 976 3421 ab
997 3377 1036 3421 eo
1052 3364 1163 3441 petere

134 3449 319 3534 coepissem,
336 3473 377 3516 ne
395 3449 551 3516 dubitaret
568 3450 697 3527 ducere,
720 3458 788 3514 tum
805 3450 858 3516 ille
875 3449 1030 3529 ,Faciam
1047 3448 1162 3534 inquit,

135 3542 162 3607 si
179 3542 257 3607 mihi
272 3543 377 3623 fidem,
396 3567 491 3630 quam
507 3545 643 3632 postulo,
662 3545 808 3610 dederis!
834 3544 928 3610 simul
944 3567 996 3610 me
1014 3544 1056 3609 ad
1073 3567 1164 3621 aram

134 3636 273 3715 adduxit,
292 3638 377 3723 apud
394 3661 490 3724 quam
507 3637 681 3705 sacrificare
698 3639 883 3717 instituerat,
902 3660 1035 3724 eamque
1048 3638 1162 3705 ceteris

47 3766 50 3773 ·
133 3730 260 3797 remotis
282 3739 438 3797 tenentem
459 3733 562 3799 iurare
582 3732 688 3811 iussit,
710 3756 883 3819 numquam
904 3732 1007 3797 mein
1024 3730 1163 3798 amicitia

100 3842 116 3885 s
133 3823 207 3891 cirm
213 3824 367 3890 Romanis
384 3825 461 3892 fore.
487 3828 522 3892 id
535 3849 594 3915 ego
608 3827 824 3893 insiurandum
841 3827 923 3913 patri
936 3826 1045 3892 datum
1057 3847 1162 3911 usque

133 3917 176 3983 ad
195 3916 277 3985 hunc
298 3928 433 3986 aetatem
454 3921 499 3986 ita
520 3922 717 4000 conservavi,
744 3931 780 3986 ut
801 3921 918 3986 nemini
939 3919 1072 3986 dubium
1089 3940 1162 3986 esse

188 4022 260 4093 eat,
286 4012 363 4099 quin
386 4013 507 4101 reliquo
524 4024 665 4103 tempore
682 4016 793 4083 eadem
814 4026 918 4083 mente
941 4016 1002 4083 sim
1022 4013 1160 4081 futurus.
