2564 4410
512 254 737 314 AGESILAUS.
987 300 991 309 .
1092 245 1135 308 59

110 376 185 440 ritas
204 374 270 440 eius
289 373 412 439 consilii
431 373 524 437 saluti
547 372 607 436 fuit
625 371 788 435 universis.
820 394 893 435 nam
912 394 984 436 cum
1007 373 1134 456 quidam

109 467 348 545 adolescentuli,
376 467 514 530 hostium
541 467 679 530 adventu
704 465 867 549 perterriti,
896 466 937 529 ad
964 465 1133 530 Thebanos

109 561 306 647 transfugere
321 559 435 641 vellent
448 569 479 623 et
491 559 596 623 locum
609 567 697 622 extra
710 558 820 622 urbem
835 558 952 622 editum
966 559 1133 643 cepissent,

110 653 281 741 Agesilaus
287 701 296 731 ,
319 653 373 737 qui
390 652 689 739 perniciosissimum
707 651 774 716 fore
793 652 925 728 videret,
950 652 977 716 si
994 652 1134 716 animad-

111 772 238 814 versum
265 758 349 812 esset
378 769 568 831 quemquam
593 747 636 811 ad
661 746 769 811 hostes
796 746 993 832 transfugere
1017 747 1154 824 conari,⁸

110 866 183 908 cum
202 843 269 928 suis
286 865 322 907 ee
341 842 426 906 venit
444 851 547 927 atque,
565 851 600 906 ut
619 841 646 906 si
663 840 746 905 bono
764 841 868 905 animo
886 841 1048 918 fecissent,
1067 840 1135 905 lau-

109 938 198 1002 davit
215 937 379 1021 consiliqm
397 959 518 1013 eorum,
543 937 628 1020 quod
645 958 718 1000 eum
735 935 840 1000 locum
858 939 1079 1020 occupassent,
1103 944 1134 999 et

109 1054 146 1096 sc
164 1031 198 1096 id
214 1053 337 1116 quoque
360 1031 428 1096 fieri
449 1030 563 1094 debere
586 1030 853 1094 animadvertisse.
886 1030 931 1094 sio
953 1029 1134 1094 adolescen-
1153 1050 1167 1096 3

109 1125 192 1190 tulos
212 1125 357 1189 simulata
374 1124 552 1188 laudatione
573 1123 768 1210 recuperavit
786 1132 816 1186 et
833 1123 987 1187 adiunctis
1011 1124 1049 1187 de
1068 1124 1147 1200 suis

109 1219 276 1284 comitibus
294 1219 398 1283 locum
412 1228 514 1282 tutum
527 1217 660 1300 reliquit.
687 1239 823 1301 namque
840 1217 886 1280 illi
899 1226 990 1283 aucto
1004 1240 1133 1283 numero

108 1335 227 1391 eorum,
247 1313 301 1397 qui
315 1324 458 1399 expertes
473 1321 560 1378 erant
574 1312 704 1390 consilii,
724 1333 921 1376 commovere
936 1335 970 1377 ee
983 1337 1046 1378 non
1061 1324 1135 1377 sunt
1214 1320 1215 1324 ’

108 1407 192 1486 ausi,
212 1429 311 1491 eoque
328 1408 486 1485 libentius,
504 1409 589 1491 quod
606 1407 702 1472 latere
720 1406 962 1486 arbitrabantur,
982 1429 1062 1491 quae
1082 1430 1135 1472 co-

109 1501 297 1587 gitavcrant.

162 1594 238 1659 VII.
259 1593 335 1659 Sine
346 1593 442 1658 dubio
451 1604 523 1678 post
532 1595 733 1659 Leuctricam
741 1617 881 1680 pugnam
890 1595 1134 1660 Lacedaemonii
1154 1613 1166 1658 1

109 1709 146 1753 sc
164 1709 337 1771 numquam
353 1687 529 1752 refecerunt
550 1709 652 1771 neque
674 1688 841 1772 pristinum
863 1688 1028 1773 imperium
1045 1711 1136 1753 recu-

106 1790 265 1867 perarunt,
285 1803 357 1846 oum
374 1781 497 1845 interim
514 1779 684 1867 Agesilaus
702 1803 766 1853 non
783 1781 914 1857 destitit,
933 1781 1135 1864 quibuscum-

106 1897 171 1958 que
192 1874 287 1940 rebus
313 1884 435 1961 posset,
461 1876 595 1960 patriam
621 1876 737 1939 iuvare.
773 1898 847 1939 nam
869 1897 941 1938 cum
966 1876 1166 1961 praecipuae

107 1969 354 2035 Lacedaemonii
366 1969 542 2056 indigerent
553 1970 696 2055 pecunie,
715 1968 767 2032 ille
782 1967 937 2046 omnibus,
957 1969 1011 2052 qui
1025 1992 1044 2033 a
1057 1991 1132 2056 rege

108 2062 297 2140 defecerant,
316 2062 551 2147 praesidiofuit,
570 2061 716 2146 aquibus
726 2068 842 2148 magna
851 2063 984 2126 donatus
999 2063 1133 2148 pecunia

106 2156 242 2241 patriam
264 2156 448 2222 sublevavit.
481 2168 575 2242 atque
595 2156 629 2221 in
646 2157 706 2223 hoo
723 2157 802 2221 illud
822 2157 975 2243 imprimis
999 2157 1059 2221 fuit
1076 2158 1166 2222 ade

107 2249 264 2327 mirabile,
288 2273 360 2315 cum
378 2252 515 2316 maxima
537 2274 667 2316 munera
684 2251 713 2315 ei
730 2251 770 2316 ab
788 2251 916 2338 regibus
935 2274 972 2315 ac
990 2252 1131 2338 dynastis
1201 2244 1206 2255 ’

106 2344 349 2429 civitatibusque
372 2345 598 2422 conferrentur,
626 2346 711 2428 quod
733 2345 810 2409 nihil
831 2368 982 2428 umquam
1004 2345 1133 2409 domum

109 2460 199 2501 suam
218 2439 363 2517 contulit,
391 2439 467 2503 nihil
486 2440 524 2504 de
546 2440 646 2516 victu,
672 2438 750 2502 nihil
772 2440 811 2502 de
833 2438 948 2502 vestitu
965 2438 1133 2503 Laconum
1209 2492 1211 2496 .

107 2533 249 2596 mutavit.
281 2533 374 2597 domo
397 2533 506 2598 cadem
531 2532 593 2597 fuit
615 2540 791 2610 contentus,
820 2554 882 2616 qua
903 2531 1130 2618 Eurysthenes,
1150 2550 1166 2596 4

106 2626 287 2712 progenitor
307 2627 461 2692 maiorum
484 2650 626 2704 suorum,
654 2626 756 2693 fuerat
778 2649 869 2692 usus:
897 2649 992 2710 quam
1010 2626 1064 2710 qui
1085 2627 1133 2690 in-

107 2728 216 2796 trarat,
244 2719 365 2784 nullum
387 2721 512 2808 signum
535 2721 687 2798 libidinis,
714 2719 836 2786 nullum
861 2719 1002 2784 luxuriae
1024 2719 1132 2784 ridere

89 2825 238 2900 -poterat,
262 2827 370 2881 contra
392 2839 430 2882 ea
451 2816 585 2904 plurima
606 2818 774 2902 patientiae
797 2826 890 2900 atque
908 2815 1130 2893 abstinentiae3

107 2909 154 2973 sic
172 2911 255 2974 enim
271 2911 431 2989 instructa,
454 2911 540 2976 utin
556 2910 642 2975 nulla
658 2933 692 2976 re
711 2910 848 2974 differret
867 2910 1004 2975 cuiusvis
1027 2909 1130 2995 inopis

107 3012 202 3086 atque
219 3005 341 3088 privati.
991 3056 992 3061 1

99 3138 103 3155 ι
160 3096 253 3162 VIH.
280 3096 387 3182 Atque
404 3099 455 3163 hic
469 3107 573 3164 tantus
588 3099 636 3163 vir
648 3108 683 3162 ut
695 3107 839 3164 naturam
851 3098 1017 3163 fautricem
1030 3098 1130 3163 habu·
1150 3117 1162 3161 1

105 3200 174 3255 erat
191 3191 223 3254 in
245 3191 417 3258 tribuendis
436 3193 533 3258 animi
549 3194 730 3271 virtutibus,
745 3193 800 3258 'sic
822 3192 996 3257 maleficam
1017 3202 1128 3256 nactus

106 3293 156 3348 est
180 3285 364 3371 incorpore
390 3287 547 3373 fingendo.
582 3297 710 3353 namet
736 3295 854 3352 statura
877 3287 937 3351 fuit
960 3285 1072 3350 humili
1098 3295 1130 3350 et

106 3400 236 3462 corpore
263 3381 378 3467 exiguo
401 3390 433 3445 et
458 3381 588 3446 claudus
611 3382 708 3447 altero
733 3381 823 3467 pede.
855 3402 1006 3464 quaeres
1034 3380 1129 3444 etiam

104 3473 286 3538 nonnullam
317 3474 468 3540 afferebat
494 3475 736 3552 deformitatem,
765 3484 858 3558 atque
888 3474 988 3561 ignoti
1013 3473 1128 3538 faciem

106 3567 174 3630 eius
201 3589 273 3633 eum
298 3569 504 3647 intuerentur,
536 3569 790 3650 contemnebaut3
817 3569 872 3652 qui
897 3578 1003 3634 autem
1028 3569 1127 3633 m'rtu-

105 3670 153 3724 tes
176 3672 340 3742 noverant,
363 3687 427 3728 non
452 3673 596 3749 poteraut
618 3665 764 3730 admirari
786 3664 872 3728 satie.
908 3663 992 3746 quod
1015 3663 1044 3727 ei
1067 3679 1161 3725 usua

105 3754 205 3831 venit,
234 3777 305 3819 cum
331 3780 483 3823 annorum
510 3759 669 3846 octoginta
701 3757 841 3823 subsidio
868 3756 977 3822 Tacho
1003 3756 1035 3818 in
1062 3753 1128 3818 Ae-

103 3858 237 3933 gyptum
264 3849 352 3914 iisset
373 3861 404 3916 et
425 3851 458 3916 in
480 3862 550 3917 acta
571 3874 644 3918 cum
666 3853 731 3917 suis
754 3850 952 3916 accubuisset
975 3848 1042 3912 sine
1064 3847 1128 3912 ullo

105 3951 186 4008 tecto
210 3952 404 4029 stratumque
426 3946 555 4012 haberet
577 3945 652 4024 tale,
680 3955 715 4010 ut
736 3956 817 4011 terra
839 3954 921 4009 tecta
942 3951 1026 4006 esset
1049 3951 1129 4006 etra-

105 4038 231 4116 meutis,
265 4060 367 4123 neque
396 4039 459 4106 huc
485 4040 618 4128 amplius
651 4061 745 4124 quam
775 4038 865 4127 pellis
892 4044 976 4102 esset
1002 4034 1127 4112 iniecta,
1219 4052 1230 4075 ³
