2564 4410
190 212 232 277 50
396 204 401 223 ⁴
521 190 703 276 ooaunnn
717 217 879 276 aaronis

189 340 250 404 hoc
264 337 340 402 satis
355 336 576 401 testimonium.
602 334 737 421 plurima
750 335 877 417 quidem
889 335 1027 421 proferre
1036 360 1214 424 possemus,

191 433 247 498 sed
272 431 384 496 modus
406 427 601 494 adhibendus
625 436 685 504 est,
713 430 861 512 quoniam
882 452 944 494 uno
971 431 1032 496 hoo
1054 433 1216 499 volumine

189 527 287 591 vitam
308 523 524 590 excellentium
545 522 683 586 virorum
705 523 913 615 complurium
931 526 1115 592 concludere
1139 547 1215 592 con-

190 619 356 696 stituimus,
375 639 508 701 quorum
527 615 693 701 separatim
706 616 811 681 multis
826 619 951 684 milibus
966 642 1114 686 versuum
1128 643 1215 688 oom-

188 712 295 798 plures
314 711 479 796 scriptores
498 719 569 774 ante
587 732 643 774 nos
662 709 866 794 explicarunt.

156 829 169 872 1
201 841 206 858 ι
232 805 273 870 V.
299 804 374 870 Fuit
392 804 485 870 etiam
503 804 648 882 disertus,
666 812 702 866 ut
719 825 811 868 nemo
830 805 858 868 ei
869 803 1039 870 Thebanus
1057 830 1115 892 par
1129 820 1213 874 esset

190 901 378 994 eloq,uentia
404 920 506 983 neque
528 898 631 961 minus
654 897 824 962 concinnus
846 898 879 962 in
904 897 1056 964 brevitate
1082 924 1214 987 respon-

155 994 284 1059 edendi
310 1015 405 1077 quam
425 993 459 1056 in
479 1001 631 1077 perpetua
652 990 790 1055 oratione
813 979 1213 1059 oraminibus-

189 1096 337 1152 ctatorem
346 1067 878 1168 Menechdemqriefflffidfflem
887 1085 1005 1150 Thebis
1020 1096 1051 1150 et
1064 1087 1213 1152 adversa

187 1181 269 1245 rium
294 1180 328 1244 in
350 1178 594 1245 administranda
619 1200 653 1243 re
678 1177 818 1263 publica,
847 1178 922 1244 satis
950 1181 1151 1245 exercitatum
1177 1182 1213 1245 in

189 1273 329 1352 dicendo,
344 1282 379 1337 ut
388 1271 575 1337 Thebanum
591 1270 722 1336 scilicet:
740 1293 875 1355 namque
889 1272 935 1336 illi
945 1274 1031 1359 genti
1043 1274 1114 1359 plus
1128 1274 1212 1338 inest

155 1381 170 1428 3
188 1368 302 1432 virium
319 1388 414 1450 quam
430 1365 558 1451 ingenii.
584 1365 626 1442 is,
645 1365 730 1448 quod
746 1365 780 1429 in
801 1387 835 1430 re
856 1366 981 1431 militari
998 1368 1106 1433 florere
1124 1367 1212 1454 Epa-

188 1461 369 1526 minondam
390 1459 530 1538 videbat,
557 1459 673 1524 hortari
696 1459 817 1527 solebat
834 1461 1017 1540 Thebanos,
1043 1471 1078 1526 ut
1099 1485 1211 1549 pacem

188 1555 271 1621 bello
289 1553 487 1631 anteferrent,
505 1577 545 1619 ne
557 1554 641 1620 illius
655 1554 850 1640 imperatoris
865 1578 960 1642 opera
973 1556 1210 1621 desideraretur.

188 1649 261 1714 huic
271 1648 333 1726 ille,
345 1647 493 1729 „Fallis,“
504 1648 615 1732 inquit,
628 1649 744 1728 „verbo
755 1651 838 1715 cives
849 1661 928 1728 tuos,
939 1651 1022 1734 quod
1032 1650 1090 1736 hos
1100 1648 1212 1714 abello

153 1755 331 1820 4revooas3
350 1742 405 1808 otii
427 1743 511 1808 enim
527 1742 654 1808 nomine
676 1744 856 1808 servitutem
879 1744 1035 1809 concilias.
1063 1767 1136 1808 nam
1153 1767 1210 1829 pa-

186 1838 265 1903 ritur
286 1860 350 1923 pax
370 1837 462 1903 bello.
489 1839 595 1921 itaque
617 1837 671 1921 qui
693 1859 731 1901 ea
751 1837 871 1900 diutina
892 1836 1002 1900 volunt
1022 1837 1098 1915 frui,
1126 1837 1210 1902 bello

188 1931 349 1997 exercitati
365 1953 436 1996 esse
453 1931 577 1996 debent.
609 1930 751 2013 quare-si
767 1929 922 2014 principes
942 1925 1095 1994 Graeciae
1113 1931 1208 1996 vultis

153 2037 168 2082 ⁵
187 2047 267 2102 esse,
287 2024 396 2090 castris
415 2033 463 2088 est
475 2024 565 2089 vobis
583 2022 744 2100 utendum,
762 2045 827 2087 non
843 2022 1027 2108 palaestra.“
1054 2023 1138 2087 idern
1155 2025 1209 2089 ille
1236 2037 1239 2042 '

186 2117 380 2182 Meneclides
403 2139 474 2182 oum
491 2117 565 2181 huic
583 2116 742 2194 obiiceret,
766 2116 850 2199 quod
865 2116 981 2182 liberos
998 2138 1062 2182 non
1078 2116 1210 2182 haberet

185 2232 288 2294 neque
302 2233 433 2275 uxorem
446 2211 597 2289 duxisset,
611 2210 809 2294 maximeque
823 2210 1030 2290 insolentiam,
1049 2213 1133 2294 quod
1147 2212 1209 2278 sibi

185 2303 435 2390 Agamemnonis
462 2303 537 2370 belli
553 2304 685 2391 gloriam
707 2303 865 2369 videretur
887 2313 1084 2382 consecutus,
1109 2303 1206 2384 „At,“

185 2399 247 2476 ille,
260 2399 418 2478 „desine‚“
429 2398 538 2482 inquit,
550 2398 802 2479 „Meneclidade
812 2421 909 2464 uxore
918 2399 995 2463 mihi
1005 2398 1191 2484 exprobrare
1198 2424 1207 2476 ;

185 2515 260 2558 nam
268 2493 383 2558 nullius
392 2492 425 2556 in
434 2493 495 2557 ista
502 2516 537 2558 re
546 2493 649 2558 minus
658 2492 704 2558 uti
713 2493 843 2559 consilio
853 2495 958 2559 volo:“
977 2493 1207 2559 habebateninr

154 2596 168 2643 u
186 2584 380 2650 Meneclides
400 2586 609 2671 suspicionem
623 2586 780 2651 adulterii:
804 2587 913 2669 „quod
931 2596 1036 2651 autem
1053 2609 1104 2653 me
1117 2585 1210 2672 Aga-

185 2700 383 2744 memnonem
397 2679 546 2744 aemulari
562 2688 665 2766 putas,
684 2679 816 2754 falleris3
837 2701 972 2762 namque
986 2681 1038 2746 ille
1052 2703 1124 2745 oum
1137 2682 1208 2745 uni-

185 2796 277 2838 versa
299 2770 433 2839 Graecia
454 2773 509 2838 vix
530 2773 639 2838 decern
661 2773 750 2838 annis
772 2796 868 2838 unam
891 2773 973 2858 cepit
994 2773 1118 2852 urbem3
1147 2797 1208 2861 ego

186 2876 293 2931 contra
317 2890 354 2932 ea
375 2891 439 2931 una
459 2866 537 2933 urbe
563 2878 670 2933 nostra
691 2866 803 2951 dieque
829 2889 893 2931 uno
919 2875 1015 2931 totam
1039 2863 1207 2932 Graeciam

184 2960 446 3024 Lacedaemoniis
464 2960 581 3046 fugatis
598 2960 757 3025 liberavi.“

152 3074 165 3120 1
236 3052 294 3117 VI.
322 3054 412 3118 Idem
426 3076 498 3119 cum
512 3055 544 3118 in
559 3064 746 3119 conventum
759 3054 897 3120 venisset
905 3051 1068 3119 Arcadum
1085 3064 1206 3139 petens,

184 3157 220 3212 ut
237 3148 417 3213 societatem
439 3170 512 3213 curn
529 3148 690 3213 Thebanis
713 3158 744 3213 et
760 3147 891 3235 Argivis
909 3148 1061 3225 facerent,
1085 3158 1207 3213 contra-

185 3264 246 3326 que
274 3240 486 3321 Callistratus,
512 3241 755 3308 Atheniensium
780 3243 917 3330 legatus,
946 3243 1000 3327 qui
1030 3243 1207 3327 eloquentia

185 3357 293 3402 omncs
307 3359 345 3402 eo
361 3336 541 3423 praestabat
558 3348 706 3423 tempore,
725 3338 904 3423 postularet,
924 3346 959 3401 ut
975 3338 1080 3423 potius
1098 3337 1207 3402 amici·

185 3427 260 3492 tiam
279 3440 483 3514 sequerentur
499 3429 692 3508 Atticorum,
715 3440 746 3495 et
763 3431 797 3495 in
813 3431 950 3496 oratione
970 3454 1027 3495 sua
1044 3431 1142 3495 multa
1159 3431 1208 3495 in-

184 3532 292 3587 vectus
316 3535 400 3588 esset
420 3526 453 3589 in
471 3524 640 3590 Thebanos
663 3534 694 3588 et
711 3523 865 3610 Argivos,
886 3524 921 3588 in
943 3523 1051 3607 eisque
1072 3524 1133 3589 hoo
1150 3547 1207 3610 po-

151 3635 166 3681 2
186 3615 309 3694 suisset,
325 3617 463 3683 animum
477 3619 638 3685 advertere
652 3618 765 3684 debere
778 3618 932 3696 Arcadas,
951 3617 1060 3702 quales
1074 3630 1207 3702 utraque

184 3709 294 3776 civitas
313 3711 398 3775 cives
415 3722 619 3798 procreasset,
638 3735 678 3777 ex
695 3712 810 3797 quibus
826 3712 865 3777 de
884 3712 995 3777 ceteris
1012 3720 1141 3798 possent
1158 3712 1207 3776 iu-

184 3803 301 3875 dicare:
336 3803 475 3892 Argivos
507 3807 590 3871 enirn
621 3806 721 3872 fuisse
749 3804 897 3873 Orestem
923 3815 954 3870 et
978 3805 1206 3871 Alcmaeonem

184 3897 376 3978 matricidam
395 3899 514 3965 Thebis
526 3897 686 3986 Oedipum
699 3910 817 3977 natum,
833 3899 887 3984 qui
897 3922 969 3965 curn
978 3910 1099 3987 patrem
1113 3922 1205 3964 suurn

149 4011 165 4059 3
183 3991 399 4072 interfecisset,
418 4015 458 4058 ex
475 4003 573 4058 matre
590 3994 705 4060 liberos
722 4015 918 4081 procreasse3
936 3993 1010 4059 huic
1026 3994 1059 4059 in
1076 4015 1207 4081 respon-
