2564 4410
480 187 783 245 enumeremus.
978 147 981 154 ⁸
1107 177 1146 241 11
1214 236 1218 241 .

117 304 205 399 quod
219 327 341 369 summa
354 302 514 369 colebatur
527 302 723 382 caerimonia,
739 301 879 368 coniecit.
897 302 970 368 inde
983 324 1047 368 non
1058 303 1145 390 prius

117 420 266 486 egressus
285 407 343 474 est,
361 418 457 482 quam
474 419 531 462 rex
546 419 621 462 enm
638 397 712 462 data
729 396 870 462 dextra
861 419 895 460 ιιι
915 397 1010 462 fidem
1028 397 1147 484 recipe-

116 501 180 569 ret3
198 513 294 576 quam
310 491 473 577 praestitit.
501 514 574 555 narn
593 513 664 555 cnm
682 489 723 556 ab
737 489 986 569 Atheniensibus
1004 491 1147 557 etLace·
1165 515 1180 562 5

115 586 291 650 daemoniis
314 594 534 671 exposceretur
555 584 694 670 publice,
717 583 892 670 supplicem
914 606 978 649 non
998 584 1144 671 prodidit,

115 681 311 764 monuitque,
330 690 366 744 ut
384 678 559 745 consuleret
577 678 651 744 sibi:
675 678 804 744 difficile
821 679 905 744 enirn
923 701 1008 757 esse,
1030 679 1063 742 ιιι
1081 687 1145 743 tam

113 775 293 862 propinquo
311 774 380 841 loco
398 783 465 839 tuto
484 797 557 840 eum
569 773 697 840 versari.
723 775 829 858 itaque
842 773 988 860 Pydnam
1006 795 1078 837 eum
1091 773 1146 837 de-

114 870 191 934 duci
212 869 304 934 iussit
325 879 357 934 et
374 869 459 954 quod
481 869 557 934 satis
580 879 664 934 esset
685 868 834 955 praesidii
850 868 945 933 dedit.
972 867 1024 933 hic
1040 867 1074 932 in
1090 888 1178 936 nae

114 986 190 1028 vem
208 962 352 1029 omnibus
376 964 503 1049 ignotus
524 963 629 1028 nautis
653 962 801 1028 escendit.
833 983 1005 1046 quaecum
1027 958 1145 1046 tempe*-

116 1066 198 1122 state
215 1057 353 1122 maxima
364 1057 492 1122 Naxum
508 1056 651 1135 ferretur,
670 1057 726 1122 ubi
743 1065 811 1121 tum
818 1056 1062 1129 Atheniensium
1079 1065 1145 1120 erat
1225 1066 1230 1077 ’

114 1151 281 1229 exercitus,
302 1151 400 1216 sensit
413 1150 651 1239 Themistocles,
671 1150 699 1216 si
717 1173 754 1216 eo
771 1150 976 1237 pervenisset,
996 1149 1056 1217 sibi
1071 1171 1144 1215 ,esse

113 1246 319 1332 pereundum.
355 1245 415 1311 hac
440 1246 627 1312 necessitate
654 1256 780 1311 coactus
808 1238 935 1337 domino
957 1244 1062 1321 navis,
1090 1244 1145 1327 qui
1250 1292 1253 1298 ι

115 1341 167 1419 ιιι,
187 1340 294 1425 aperit,
313 1340 412 1406 multa
429 1341 589 1427 pollicens,
610 1340 637 1406 si
655 1362 690 1406 se
708 1349 934 1406 conservasset
962 1337 1063 1404 atille
1081 1337 1145 1402 cla·
1164 1358 1178 1404 ι

114 1435 233 1501 nissimi
250 1436 309 1500 viri
327 1446 437 1522 captus
454 1437 669 1502 misericordia
686 1436 770 1501 diem
781 1444 968 1519 noctemque
980 1432 1090 1520 procul
1103 1431 1143 1498 ab

114 1529 220 1595 insula
237 1530 270 1593 in
288 1529 365 1614 salo
376 1552 489 1594 navem
507 1531 607 1594 tenuit
627 1530 661 1594 in
679 1529 811 1606 ancoris,
833 1549 936 1613 neque
953 1547 1144 1612 quemquam

115 1647 157 1688 ex
183 1646 221 1688 ea
244 1624 329 1688 exire
351 1644 465 1707 passus
489 1633 546 1688 est
581 1623 657 1688 inde
678 1623 844 1708 Ephesum
869 1622 1012 1708 pervenit
1037 1621 1143 1706 ibique

114 1714 362 1782 Themistoclem
389 1717 530 1802 exponit,
504 1718 609 1782 tcui
634 1716 687 1782 ille
708 1738 766 1802 pro
792 1716 910 1782 meritis
936 1724 1047 1802 postea
1072 1739 1144 1802 gra·

113 1811 192 1876 tiam
210 1809 324 1874 retulit.

165 1902 229 1968 IX.
258 1901 332 1970 Scio
344 1903 534 1990 plerosque
524 1913 569 1969 sta
583 1874 756 1991 scripsisse,
776 1902 1023 1968 Themistoclem
1030 1901 1142 1967 Xerxe
1162 1921 1174 1966 1

110 2009 264 2086 regnante
281 1998 315 2063 in
331 2000 445 2064 Asiam
463 2000 622 2066 transisse.
650 2000 707 2065 sed
725 2022 784 2093 ego
802 1999 1001 2086 potissimum
1015 1998 1143 2082 Thucy-

111 2095 180 2158 didi
198 2094 300 2172 credo,
319 2094 405 2178 qnod
422 2103 524 2159 aetate
545 2095 707 2181 proximus
726 2094 804 2159 de
783 2117 832 2172 us,
852 2115 906 2178 qm
895 2093 1047 2159 illorum
1065 2100 1143 2156 tem-

109 2210 226 2276 porum
243 2187 405 2253 historiam
427 2189 631 2273 reliquerunt,
655 2199 686 2254 et
704 2188 845 2254 eiusdem
864 2188 998 2252 civitatis
1016 2185 1122 2251 fuit!
1113 2208 1141 2249 rs

108 2306 154 2348 au
156 2291 219 2346 tem
237 2283 294 2361 ait,
268 2283 359 2347 tad
375 2281 586 2348 Artaxerxem
609 2306 681 2348 eum
698 2283 833 2361 venisse,
857 2291 951 2367 atque
968 2281 1018 2346 his
1036 2279 1140 2344 verbis

110 2376 279 2462 epistolam
296 2377 463 2454 misisset,
464 2376 620 2455 ,Themist
621 2375 705 2442 ocles
722 2399 795 2441 vem
784 2376 884 2440 adt
871 2386 912 2453 te,
936 2396 990 2459 qru
980 2374 1175 2460 plurimae

105 2471 195 2535 mala
216 2470 379 2535 hominum
390 2425 583 2535 Graiorum
574 2494 607 2534 ιιι
620 2470 749 2535 domum
763 2478 850 2534 tuam
867 2468 967 2546 intuli,
987 2466 1141 2552 quamdiu

103 2564 188 2629 mihi
206 2586 336 2628 necesse
353 2563 422 2641 fuit,
441 2564 608 2629 adversum
621 2573 744 2650 patrem
761 2572 850 2628 tuum
863 2561 980 2627 bellare
993 2562 1141 2648 patriam·

103 2681 173 2743 que
196 2676 300 2722 meam
321 2657 498 2723 defendere.
524 2658 609 2722 idem
631 2658 729 2722 multo
751 2656 842 2744 plura
859 2656 942 2721 bona
959 2655 1031 2733 feci,
1053 2662 1173 2740 poste
1228 2725 1229 2728 Ἴ

100 2774 207 2862 quam
224 2751 287 2815 int
288 2751 432 2837 utoipse,
451 2751 568 2816 etille
559 2775 593 2815 ιιι
605 2751 743 2837 periculo
757 2772 827 2816 esse
841 2751 952 2835 coepit
978 2772 1054 2813 narn
1068 2770 1140 2812 cum
1198 2826 1201 2833 Ι

102 2849 142 2911 in
160 2844 274 2909 Asiam
295 2847 409 2911 reverti
430 2845 524 2910 vellet
545 2845 663 2931 proelio
686 2846 771 2930 apud
790 2842 952 2911 Salamina
969 2842 1067 2920 facto,
1090 2841 1140 2906 lit·

102 2940 184 3006 teris
204 2961 276 3003 eum
294 2940 456 3004 certiorem
473 2939 544 3017 feci,
563 2940 597 3004 id
614 2939 674 3026 agi,
693 2949 729 3003 ut
745 2960 836 3025 pons,
856 2960 950 3023 quem
966 2937 1001 3001 in
1012 2936 1139 3001 Helles-

102 3043 207 3121 ponto
224 3033 355 3111 fecerat,
375 3032 599 3099 dissolveretur
620 3042 714 3117 atque
737 3031 777 3097 ab
794 3031 938 3096 hostibus
961 3030 1139 3095 circumire-

103 3137 173 3205 tur,
201 3147 263 3210 quo
290 3127 399 3192 nuntio
425 3127 477 3192 ille
499 3126 637 3212 periculo
660 3135 709 3191 est
730 3125 889 3190 liberatus.
925 3145 1010 3189 nunc
1033 3132 1172 3187 autema

104 3221 239 3306 confugi
261 3221 302 3286 ad
323 3231 353 3286 te
376 3222 552 3308 exagitatus
576 3230 725 3286 acuneta
743 3218 891 3298 Graecia,
919 3229 1005 3285 tuam
1027 3228 1137 3304 petens

103 3314 287 3380 amicitiam.
324 3338 419 3398 quam
441 3316 469 3380 si
482 3316 544 3381 'ero
567 3315 707 3401 adeptus,
730 3338 795 3402 non
820 3315 925 3379 minus
947 3335 998 3377 me
1019 3308 1158 3379 bonum¹

105 3409 244 3473 amicum
261 3408 403 3487 habebis,
423 3431 518 3494 quam
535 3409 649 3481 fortem
666 3402 826 3474 inimicum
843 3408 896 3473 ille
914 3416 1059 3493 expertus
1078 3417 1135 3472 est.

106 3526 147 3566 ea
165 3511 270 3567 autem
286 3514 428 3590 rogo,ut
393 3505 522 3568 utdc’'
502 3528 540 3569 ns
558 3503 663 3581 rebus,
682 3525 760 3588 quas
779 3512 883 3568 tecum
901 3502 1036 3585 colloqui
1053 3502 1134 3579 volo,

107 3617 249 3661 annuum
274 3598 352 3676 mihi
378 3607 501 3684 tempus
529 3593 592 3663 des
611 3619 711 3683 eoque
734 3607 891 3662 transacto
914 3597 989 3663 adt
977 3596 1135 3663 tevenire

108 3689 246 3774 patiaris
251 3692 267 3724 ‘⁴

159 3779 204 3847 X
233 3783 339 3850 Huius
357 3809 413 3851 rex
431 3787 527 3852 animi
549 3798 669 3873 magnrt
646 3787 797 3851 tudinem
815 3786 972 3851 admirans
991 3785 1166 3870 cupiens-1

108 3899 168 3960 que
191 3878 338 3961 talem
308 3870 409 3945 v1ru'm
427 3881 492 3946 sibi
514 3881 673 3975 conciliari
695 3881 818 3951 veniam
841 3880 936 3944 dedit.
968 3878 1019 3942 ille
1042 3900 1134 3943 omne

107 3971 205 4037 illudt
192 3982 316 4059 empus
326 3973 375 4038 ht
362 3974 435 4040 teris
446 3998 644 4060 sermonique
653 3973 821 4041 Persarum
838 3995 871 4038 se
882 3971 1001 4037 dedidit
988 3971 1141 4054 tquihns
