2564 4410
175 229 219 294 58
345 204 348 215 '
505 206 690 290 coaxans
703 232 866 291 uarours

177 354 422 439 Hellespontum
440 350 546 436 copias
566 351 685 415 traiecit
708 360 855 436 tantaque
872 374 949 418 usus
969 362 1017 418 est
1035 353 1204 435 celeritate,

176 461 223 528 ut,
243 449 328 533 quod
344 446 403 511 iter
420 444 547 510 Xerxes
567 467 648 509 anno
666 454 806 511 vertente
825 446 1013 525 confecerat,
1032 448 1083 513 hic
1101 457 1206 516 trans-

141 544 247 613 aierit
268 542 395 628 triginta
418 540 538 605 diebus.
571 562 643 603 cum
665 539 729 604 iam
751 540 837 605 haud
857 541 901 605 ita
923 541 1017 628 longe
1039 541 1166 608 abesset
1183 568 1204 609 a

176 637 410 721 Peloponneso,
442 633 594 700 obsistere
626 633 656 698 ei
687 635 790 699 conati
822 645 895 699 sunt
925 626 1139 701 Athenienses
1172 650 1204 703 et

176 731 289 796 Boeoti
307 729 461 814 ceterique
476 751 584 793 eorum
598 729 675 793 socii
692 730 778 814 apud
788 727 977 795 Coroneam:
997 753 1076 814 quos
1091 754 1202 798 omnes

142 848 159 894 o
177 825 267 913 gravi
288 823 406 910 proelio
423 822 507 886 vicit.
538 822 630 887 huius
649 822 797 887 victoriae
815 823 865 887 vel
883 825 1021 889 maxima
1042 824 1103 889 fuit
1119 825 1200 905 laus,

177 920 271 1003 quod,
290 941 363 983 oum
378 916 520 1003 plerique
534 938 574 980 ex
591 916 669 1003 fuga
687 939 721 981 se
738 917 771 982 in
789 917 940 1003 templum
948 917 1114 984 Minervae
1127 942 1203 985 con-

61 1032 64 1037 ·
176 1014 332 1089 iecissent,
351 1018 612 1095 quaerereturque
631 1008 671 1076 ab
689 1033 741 1089 eo,
760 1011 837 1094 quid
853 1012 903 1077 his
921 1012 1015 1077 vellet
1032 1013 1114 1090 fieri,
1143 1014 1202 1080 etsi

175 1107 295 1191 aliquot
316 1105 446 1171 vulnera
467 1112 631 1190 acceperat
652 1127 690 1169 eo
711 1105 830 1190 proelio
856 1115 888 1170 et
909 1107 1006 1171 iratus
1037 1107 1203 1173 videbatur

177 1200 332 1277 omnibus,
351 1200 406 1283 qui
423 1199 574 1264 adversus
589 1221 676 1263 arma
693 1199 837 1276 tulerant,
857 1209 963 1264 tamen
980 1200 1124 1265 antetulit
1136 1201 1202 1266 irae

142 1318 157 1362 7
176 1295 357 1382 religionem
376 1302 407 1358 et
425 1315 478 1358 eos
496 1292 595 1357 vetuit
611 1292 731 1356 violari.
756 1314 859 1376 neque
877 1315 952 1358 vero
970 1294 1030 1359 hoc
1049 1294 1151 1359 solum
1168 1295 1202 1358 in

177 1387 312 1454 Graecia
329 1387 413 1463 fecit,
432 1395 467 1449 ut
485 1385 601 1470 templa
614 1385 744 1463 deorum
758 1395 866 1451 sancta
879 1385 1018 1464 haberet,
1038 1389 1094 1453 sed
1107 1389 1202 1453 etiam

176 1482 260 1568 apud
278 1481 426 1546 barbaros
446 1502 568 1544 summa
589 1478 740 1566 religione
757 1480 862 1546 omnia
880 1481 1047 1548 simulacra
1068 1505 1201 1566 arasque

29 1654 33 1663 Ι
142 1597 160 1642 s
179 1574 384 1641 conservavit.
412 1575 517 1656 itaque
534 1573 745 1658 praedicabat,
771 1575 877 1641 mirari
895 1599 929 1641 se
952 1599 1017 1642 non
1035 1578 1203 1664 sacrilego-

176 1693 246 1734 rum
272 1690 401 1734 numero
427 1667 549 1746 haberi,
577 1669 632 1751 qui
658 1668 851 1754 supplicibus
875 1692 983 1735 eorum
1009 1671 1200 1749 nocuissent,

63 1793 67 1800 ·
118 1802 121 1807 ι
178 1773 321 1829 autnon
346 1762 542 1850 gravioribus
564 1763 674 1847 poenis
692 1763 791 1841 affici,
819 1765 873 1848 qui
894 1765 1077 1850 religionem
1098 1766 1202 1831 minu-

176 1867 272 1937 erent,
292 1881 386 1942 quam
401 1857 459 1941 'qui
476 1857 551 1922 fana
568 1857 747 1942 spoliarent.
1018 1930 1022 1937 p

144 1976 156 2020 1
228 1952 269 2018 V.
296 1951 376 2017 Post
393 1952 454 2016 hoc
471 1951 624 2036 proelium
643 1951 790 2016 collatum
807 1974 899 2017 omne
917 1950 1033 2017 bellum
1051 1961 1099 2016 est
1116 1953 1202 2018 circa

140 2070 157 2116 2
177 2047 362 2114 Corinthum
384 2047 517 2130 ideoque
536 2044 735 2111 Corinthium
757 2055 805 2111 est
826 2046 1026 2132 appellatum.
1057 2046 1109 2110 hic
1127 2069 1201 2111 cum

176 2165 239 2207 una
259 2163 368 2226 pugna
390 2141 501 2204 decem
526 2140 612 2204 milia
633 2140 771 2205 hostium
788 2138 942 2225 Agesilao
964 2141 1047 2206 duce
1069 2141 1202 2205 cecidis-

176 2246 256 2313 sent,
276 2257 376 2319 eoque
394 2234 478 2299 facto
497 2256 572 2319 opes
592 2234 842 2299 adversariorum
860 2233 1039 2299 debilitatae
1056 2235 1201 2300 videren-

176 2341 241 2408 tur,
264 2339 386 2393 tantum
403 2327 483 2393 afuit
505 2327 545 2392 ab
567 2328 733 2394 insolentia
750 2328 882 2416 gloriae,
904 2337 941 2391 ut
962 2329 1200 2395 commiseratus

177 2425 217 2489 sit
238 2423 398 2489 fortunam
421 2408 588 2500 Graeciae,
617 2424 703 2506 quod
728 2432 794 2487 tam
819 2423 951 2487 multia
974 2445 1008 2487 se
1030 2422 1105 2487 victi
1122 2423 1178 2488 viti

176 2517 426 2581 adversariorum
448 2516 672 2581 concidissent:
699 2538 835 2600 namque
856 2516 911 2581 illa
936 2516 1147 2594 multitudine,
1171 2517 1200 2582 si

73 2642 78 2651 ¹
177 2635 254 2676 sana
271 2633 360 2676 mens
378 2620 476 2688 esset,
496 2608 648 2676 Graeciae
672 2610 860 2695 supplicium
876 2609 992 2676 Persas
1011 2612 1086 2675 dare
1107 2621 1199 2696 potu-

42 2768 46 2773 .
141 2706 249 2772 aisse.
276 2705 361 2769 idem
379 2727 452 2769 cum
470 2704 665 2769 adversarios
682 2704 764 2768 intra
786 2704 1135 2791 moenia‘compulisset
1158 2714 1198 2781 et,

176 2809 212 2864 ut
230 2798 417 2865 Corinthum
439 2807 648 2884 oppugnaret,
671 2797 762 2862 multi
783 2797 993 2876 hortarentur,
1016 2798 1144 2885 negavit
1165 2799 1200 2863 id

177 2915 253 2957 suae
273 2893 382 2957 virtuti
404 2893 584 2957 convenire:
612 2915 646 2958 se
669 2893 752 2957 enim
775 2915 848 2958 eum
870 2915 940 2957 esse
962 2892 1054 2971 dixit,
1081 2892 1136 2975 qui
1159 2893 1200 2957 ad

64 3040 71 3051 ,
177 2986 317 3052 officium
333 2996 500 3072 peccantes
522 2987 623 3051 redire
642 2996 781 3074 cogeret,
805 3011 868 3053 non
886 2987 941 3070 qui
957 2987 1052 3052 urbes
1070 2986 1199 3052 nobilis-

139 3104 158 3149 4
178 3081 273 3146 simas
289 3091 483 3166 expugnaret
494 3077 656 3145 Graeciae.
677 3078 778 3160 „Nam
793 3082 850 3159 si,“
864 3081 974 3166 inquit,
992 3103 1066 3160 „eos
1081 3081 1199 3145 exstin-

175 3198 272 3261 guere
289 3175 493 3254 voluerimus,
513 3175 567 3259 qui
583 3174 749 3240 nobiscum
767 3176 919 3241 adversus
936 3175 1087 3241 barbaros
1106 3185 1200 3240 stete·

175 3280 257 3347 runt,
276 3279 399 3336 nosmet
416 3270 478 3357 ipsi
495 3293 553 3335 nos
572 3270 857 3356 expugnaverimus
874 3270 936 3335 illis
950 3269 1196 3354 quiescentibus3

175 3384 237 3446 quo
255 3363 340 3428 facto
358 3365 425 3429 sine
442 3364 577 3451 negotio,
598 3386 670 3428 cum
686 3364 849 3442 voluerint,
868 3387 926 3430 nos
945 3365 1151 3450 oppriment“

142 3481 155 3525 1
227 3455 285 3521 VI.
313 3455 442 3523 Interim
460 3458 572 3523 accidit
589 3458 643 3523 illa
660 3458 821 3525 calamitas
839 3461 924 3546 apud
940 3460 1081 3524 Leuctra
1096 3460 1200 3523 Lace-

175 3551 357 3616 daemoniis.
394 3573 457 3635 quo
483 3575 523 3618 ne
549 3553 811 3640 proficisceretur,
839 3576 911 3618 curn
934 3576 953 3618 a
973 3545 1132 3638 plerisque
1160 3552 1200 3618 ad

176 3645 355 3711 exeundum
371 3657 577 3730 premeretur,
600 3658 635 3712 ut
652 3647 680 3713 si
697 3648 736 3712 de
754 3649 842 3713 exitu
859 3647 1021 3725 divinaret,
1041 3648 1126 3713 exire
1144 3671 1200 3714 no-

175 3740 241 3806 luit.
268 3739 361 3817 idem,
382 3761 453 3803 cum
462 3740 700 3827 Epaminondas
711 3739 859 3829 Spartam
876 3751 1081 3827 oppugnaret,
1101 3752 1199 3808 esset·

175 3854 236 3916 que
259 3835 325 3900 sine
343 3833 441 3899 muris
460 3835 619 3919 oppidum,
643 3836 737 3902 talem
756 3860 790 3902 se
807 3838 1027 3922 imperatorem
1044 3835 1198 3922 praebuit,

174 3936 210 3990 ut
228 3949 265 3992 eo
283 3937 422 4015 tempore
440 3928 585 3995 omnibus
604 3932 791 4016 apparuerit,
811 3930 872 3996 nisi
888 3930 941 3995 ille
959 3930 1080 4009 fuisset,
1102 3927 1201 4016 Spar-

139 4045 156 4091 a
174 4030 239 4089 tam
256 4021 394 4089 futuram
416 4047 480 4090 non
497 4024 606 4091 fuisse.
637 4025 671 4090 in
692 4048 755 4111 quo
773 4025 900 4111 quidem
918 4025 1096 4092 discrimine
1119 4025 1202 4092 cele-
