<?xml version="1.0" encoding="UTF-8"?>
<!DOCTYPE html PUBLIC "-//W3C//DTD XHTML 1.0 Transitional//EN"
    "http://www.w3.org/TR/xhtml1/DTD/xhtml1-transitional.dtd">
<html xmlns="http://www.w3.org/1999/xhtml" xml:lang="en" lang="en">
 <head>
  <title>
</title>
<meta http-equiv="Content-Type" content="text/html;charset=utf-8" />
  <meta name='ocr-system' content='tesseract 3.04.00' />
  <meta name='ocr-capabilities' content='ocr_page ocr_carea ocr_par ocr_line ocrx_word'/>
</head>
<body>
  <div class='ocr_page' id='page_1' title='image "./corneliinepotis00kochgoog_0062.png"; bbox 0 0 2564 4410; ppageno 0'>
   <div class='ocr_carea' id='block_1_1' title="bbox 409 168 1127 262">
    <p class='ocr_par' dir='ltr' id='par_1_1' title="bbox 409 168 1127 262">
     <span class='ocr_line' id='line_1_1' title="bbox 409 168 1127 262; baseline -0.01 1"><span class='ocrx_word' id='word_1_1' title='bbox 409 168 412 175; x_wconf 43' lang='lat'><strong>⁴</strong></span> <span class='ocrx_word' id='word_1_2' title='bbox 502 204 738 262; x_wconf 76' lang='lat' dir='ltr'>rmorusus</span> <span class='ocrx_word' id='word_1_3' title='bbox 1090 192 1127 257; x_wconf 86' lang='lat'>41</span> 
     </span>
    </p>
   </div>
   <div class='ocr_carea' id='block_1_2' title="bbox 48 318 1254 3417">
    <p class='ocr_par' dir='ltr' id='par_1_2' title="bbox 104 318 1254 786">
     <span class='ocr_line' id='line_1_2' title="bbox 105 318 1254 421; baseline -0.003 -29"><span class='ocrx_word' id='word_1_4' title='bbox 105 335 190 392; x_wconf 89' lang='lat' dir='ltr'>crate</span> <span class='ocrx_word' id='word_1_5' title='bbox 204 324 349 389; x_wconf 86' lang='lat' dir='ltr'>desertus.</span> <span class='ocrx_word' id='word_1_6' title='bbox 360 331 452 388; x_wconf 89' lang='lat' dir='ltr'>esset.</span> <span class='ocrx_word' id='word_1_7' title='bbox 471 320 606 409; x_wconf 92' lang='lat' dir='ltr'>populus</span> <span class='ocrx_word' id='word_1_8' title='bbox 621 341 701 398; x_wconf 91' lang='lat' dir='ltr'>acer,</span> <span class='ocrx_word' id='word_1_9' title='bbox 717 320 866 406; x_wconf 87' lang='lat' dir='ltr'>suspicax</span> <span class='ocrx_word' id='word_1_10' title='bbox 874 318 914 384; x_wconf 91' lang='lat' dir='ltr'>ob</span> <span class='ocrx_word' id='word_1_11' title='bbox 926 341 1057 403; x_wconf 90' lang='lat' dir='ltr'>eamque</span> <span class='ocrx_word' id='word_1_12' title='bbox 1066 341 1132 384; x_wconf 89' lang='lat' dir='ltr'>rem</span> <span class='ocrx_word' id='word_1_13' title='bbox 1151 341 1167 389; x_wconf 85' lang='lat'><strong>5</strong></span> <span class='ocrx_word' id='word_1_14' title='bbox 1241 396 1254 421; x_wconf 28' lang='grc' dir='ltr'>ὁ</span> 
     </span>
     <span class='ocr_line' id='line_1_3' title="bbox 105 413 1134 500; baseline -0.005 -16"><span class='ocrx_word' id='word_1_15' title='bbox 105 419 239 495; x_wconf 91' lang='lat' dir='ltr'>mobilis,</span> <span class='ocrx_word' id='word_1_16' title='bbox 247 416 586 495; x_wconf 83' lang='lat' dir='ltr'>adversarius‚invidus</span> <span class='ocrx_word' id='word_1_17' title='bbox 593 413 701 499; x_wconf 88' lang='lat' dir='ltr'>(etiam</span> <span class='ocrx_word' id='word_1_18' title='bbox 709 413 866 500; x_wconf 87' lang='lat' dir='ltr'>potentiae</span> <span class='ocrx_word' id='word_1_19' title='bbox 876 413 909 477; x_wconf 92' lang='lat' dir='ltr'>in</span> <span class='ocrx_word' id='word_1_20' title='bbox 918 413 1134 479; x_wconf 85' lang='lat' dir='ltr'>crimenvoca-</span> 
     </span>
     <span class='ocr_line' id='line_1_4' title="bbox 104 507 1134 598; baseline -0.007 -19"><span class='ocrx_word' id='word_1_21' title='bbox 104 515 232 598; x_wconf 81' lang='lat' dir='ltr'>bantur)</span> <span class='ocrx_word' id='word_1_22' title='bbox 246 511 524 589; x_wconf 83' lang='lat' dir='ltr'>domumrevocat3</span> <span class='ocrx_word' id='word_1_23' title='bbox 543 517 729 575; x_wconf 89' lang='lat' dir='ltr'>accusantur</span> <span class='ocrx_word' id='word_1_24' title='bbox 738 507 932 594; x_wconf 86' lang='lat' dir='ltr'>proditionis.</span> <span class='ocrx_word' id='word_1_25' title='bbox 950 508 1134 573; x_wconf 92' lang='lat' dir='ltr'>hociudicio</span> 
     </span>
     <span class='ocr_line' id='line_1_5' title="bbox 106 601 1132 688; baseline -0.006 -16"><span class='ocrx_word' id='word_1_26' title='bbox 106 605 473 682; x_wconf 90' lang='lat' dir='ltr'>damnaturTimotheus‚</span> <span class='ocrx_word' id='word_1_27' title='bbox 483 605 585 688; x_wconf 89' lang='lat' dir='ltr'>lisque</span> <span class='ocrx_word' id='word_1_28' title='bbox 594 604 661 668; x_wconf 90' lang='lat' dir='ltr'>eius</span> <span class='ocrx_word' id='word_1_29' title='bbox 672 604 854 668; x_wconf 88' lang='lat' dir='ltr'>aestimatur</span> <span class='ocrx_word' id='word_1_30' title='bbox 863 612 988 668; x_wconf 93' lang='lat' dir='ltr'>centum</span> <span class='ocrx_word' id='word_1_31' title='bbox 998 601 1132 668; x_wconf 88' lang='lat' dir='ltr'>talentis.</span> 
     </span>
     <span class='ocr_line' id='line_1_6' title="bbox 105 695 1114 786; baseline -0.004 -21"><span class='ocrx_word' id='word_1_32' title='bbox 105 701 159 765; x_wconf 92' lang='lat' dir='ltr'>ille</span> <span class='ocrx_word' id='word_1_33' title='bbox 177 700 250 766; x_wconf 90' lang='lat' dir='ltr'>odio</span> <span class='ocrx_word' id='word_1_34' title='bbox 267 700 407 786; x_wconf 76' lang='lat' dir='ltr'>ingratae</span> <span class='ocrx_word' id='word_1_35' title='bbox 426 699 561 764; x_wconf 86' lang='lat' dir='ltr'>civitatis</span> <span class='ocrx_word' id='word_1_36' title='bbox 580 705 707 763; x_wconf 88' lang='lat' dir='ltr'>coactus</span> <span class='ocrx_word' id='word_1_37' title='bbox 719 695 904 763; x_wconf 80' lang='lat' dir='ltr'>Chalcidem</span> <span class='ocrx_word' id='word_1_38' title='bbox 922 719 956 762; x_wconf 91' lang='lat' dir='ltr'>se</span> <span class='ocrx_word' id='word_1_39' title='bbox 975 697 1114 762; x_wconf 88' lang='lat' dir='ltr'>contulit.</span> 
     </span>
    </p>

    <p class='ocr_par' dir='ltr' id='par_1_3' title="bbox 105 790 1166 1157">
     <span class='ocr_line' id='line_1_7' title="bbox 158 790 1166 880; baseline -0.003 -21"><span class='ocrx_word' id='word_1_40' title='bbox 158 793 218 859; x_wconf 87' lang='lat' dir='ltr'>IV.</span> <span class='ocrx_word' id='word_1_41' title='bbox 244 792 351 858; x_wconf 90' lang='lat' dir='ltr'>Huius</span> <span class='ocrx_word' id='word_1_42' title='bbox 368 803 441 880; x_wconf 89' lang='lat' dir='ltr'>post</span> <span class='ocrx_word' id='word_1_43' title='bbox 458 803 592 858; x_wconf 86' lang='lat' dir='ltr'>mortem</span> <span class='ocrx_word' id='word_1_44' title='bbox 609 815 681 857; x_wconf 92' lang='lat' dir='ltr'>cum</span> <span class='ocrx_word' id='word_1_45' title='bbox 698 791 850 877; x_wconf 91' lang='lat' dir='ltr'>populum</span> <span class='ocrx_word' id='word_1_46' title='bbox 867 790 975 856; x_wconf 91' lang='lat' dir='ltr'>iudicii</span> <span class='ocrx_word' id='word_1_47' title='bbox 992 791 1042 856; x_wconf 89' lang='lat' dir='ltr'>sui</span> <span class='ocrx_word' id='word_1_48' title='bbox 1058 813 1134 878; x_wconf 91' lang='lat' dir='ltr'>poe·</span> <span class='ocrx_word' id='word_1_49' title='bbox 1154 809 1166 855; x_wconf 90' lang='lat'>1</span> 
     </span>
     <span class='ocr_line' id='line_1_8' title="bbox 105 884 1134 972; baseline -0.004 -19"><span class='ocrx_word' id='word_1_50' title='bbox 105 889 233 967; x_wconf 88' lang='lat' dir='ltr'>niteret,</span> <span class='ocrx_word' id='word_1_51' title='bbox 260 887 377 952; x_wconf 88' lang='lat' dir='ltr'>multae</span> <span class='ocrx_word' id='word_1_52' title='bbox 402 909 517 952; x_wconf 90' lang='lat' dir='ltr'>novem</span> <span class='ocrx_word' id='word_1_53' title='bbox 542 895 648 972; x_wconf 88' lang='lat' dir='ltr'>partes</span> <span class='ocrx_word' id='word_1_54' title='bbox 670 884 804 950; x_wconf 81' lang='lat' dir='ltr'>detraxit</span> <span class='ocrx_word' id='word_1_55' title='bbox 830 893 862 950; x_wconf 89' lang='lat' dir='ltr'>et</span> <span class='ocrx_word' id='word_1_56' title='bbox 882 884 992 950; x_wconf 91' lang='lat' dir='ltr'>decem</span> <span class='ocrx_word' id='word_1_57' title='bbox 1017 885 1134 961; x_wconf 85' lang='lat' dir='ltr'>talenta</span> 
     </span>
     <span class='ocr_line' id='line_1_9' title="bbox 108 978 1135 1064; baseline -0.004 -17"><span class='ocrx_word' id='word_1_58' title='bbox 108 981 282 1058; x_wconf 85' lang='lat' dir='ltr'>Cononem,</span> <span class='ocrx_word' id='word_1_59' title='bbox 302 980 401 1045; x_wconf 86' lang='lat' dir='ltr'>filium</span> <span class='ocrx_word' id='word_1_60' title='bbox 419 981 500 1058; x_wconf 89' lang='lat' dir='ltr'>eius,</span> <span class='ocrx_word' id='word_1_61' title='bbox 524 980 565 1044; x_wconf 90' lang='lat' dir='ltr'>ad</span> <span class='ocrx_word' id='word_1_62' title='bbox 582 979 664 1043; x_wconf 91' lang='lat' dir='ltr'>muri</span> <span class='ocrx_word' id='word_1_63' title='bbox 681 979 839 1062; x_wconf 88' lang='lat' dir='ltr'>quandam</span> <span class='ocrx_word' id='word_1_64' title='bbox 855 987 976 1064; x_wconf 90' lang='lat' dir='ltr'>partem</span> <span class='ocrx_word' id='word_1_65' title='bbox 993 978 1135 1043; x_wconf 89' lang='lat' dir='ltr'>reficien-</span> 
     </span>
     <span class='ocr_line' id='line_1_10' title="bbox 108 1073 1133 1157; baseline -0.002 -17"><span class='ocrx_word' id='word_1_66' title='bbox 108 1076 182 1140; x_wconf 90' lang='lat' dir='ltr'>dam</span> <span class='ocrx_word' id='word_1_67' title='bbox 200 1075 293 1140; x_wconf 88' lang='lat' dir='ltr'>iussit</span> <span class='ocrx_word' id='word_1_68' title='bbox 305 1075 389 1139; x_wconf 89' lang='lat' dir='ltr'>dare.</span> <span class='ocrx_word' id='word_1_69' title='bbox 416 1074 450 1138; x_wconf 90' lang='lat' dir='ltr'>in</span> <span class='ocrx_word' id='word_1_70' title='bbox 463 1096 526 1157; x_wconf 91' lang='lat' dir='ltr'>quo</span> <span class='ocrx_word' id='word_1_71' title='bbox 540 1073 684 1138; x_wconf 83' lang='lat' dir='ltr'>fortunae</span> <span class='ocrx_word' id='word_1_72' title='bbox 698 1073 831 1136; x_wconf 88' lang='lat' dir='ltr'>varietas</span> <span class='ocrx_word' id='word_1_73' title='bbox 845 1083 894 1138; x_wconf 89' lang='lat' dir='ltr'>est</span> <span class='ocrx_word' id='word_1_74' title='bbox 907 1073 1133 1138; x_wconf 89' lang='lat' dir='ltr'>animadversa.</span> 
     </span>
    </p>

    <p class='ocr_par' dir='ltr' id='par_1_4' title="bbox 58 1167 1168 1626">
     <span class='ocr_line' id='line_1_11' title="bbox 58 1167 1135 1253; baseline -0.002 -19"><span class='ocrx_word' id='word_1_75' title='bbox 58 1218 61 1222; x_wconf 82' lang='lat'><em>-</em></span> <span class='ocrx_word' id='word_1_76' title='bbox 107 1193 182 1236; x_wconf 90' lang='lat' dir='ltr'>nam</span> <span class='ocrx_word' id='word_1_77' title='bbox 199 1191 279 1252; x_wconf 87' lang='lat' dir='ltr'>quos</span> <span class='ocrx_word' id='word_1_78' title='bbox 302 1192 380 1234; x_wconf 88' lang='lat' dir='ltr'>avus</span> <span class='ocrx_word' id='word_1_79' title='bbox 400 1167 513 1235; x_wconf 89' lang='lat' dir='ltr'>Conon</span> <span class='ocrx_word' id='word_1_80' title='bbox 533 1189 640 1232; x_wconf 90' lang='lat' dir='ltr'>muros</span> <span class='ocrx_word' id='word_1_81' title='bbox 656 1189 702 1232; x_wconf 84' lang='lat' dir='ltr'>ex</span> <span class='ocrx_word' id='word_1_82' title='bbox 719 1167 865 1233; x_wconf 76' lang='lat' dir='ltr'>hostium.</span> <span class='ocrx_word' id='word_1_83' title='bbox 878 1168 995 1253; x_wconf 90' lang='lat' dir='ltr'>praeda</span> <span class='ocrx_word' id='word_1_84' title='bbox 1015 1167 1135 1252; x_wconf 87' lang='lat' dir='ltr'>patriae</span> 
     </span>
     <span class='ocr_line' id='line_1_12' title="bbox 106 1260 1135 1349; baseline -0.003 -21"><span class='ocrx_word' id='word_1_85' title='bbox 106 1262 295 1341; x_wconf 81' lang='lat' dir='ltr'>restituerat,</span> <span class='ocrx_word' id='word_1_86' title='bbox 314 1263 443 1329; x_wconf 89' lang='lat' dir='ltr'>eosdem</span> <span class='ocrx_word' id='word_1_87' title='bbox 460 1284 559 1349; x_wconf 91' lang='lat' dir='ltr'>nepos</span> <span class='ocrx_word' id='word_1_88' title='bbox 578 1284 651 1327; x_wconf 93' lang='lat' dir='ltr'>cum</span> <span class='ocrx_word' id='word_1_89' title='bbox 668 1282 792 1326; x_wconf 91' lang='lat' dir='ltr'>summa</span> <span class='ocrx_word' id='word_1_90' title='bbox 809 1261 981 1347; x_wconf 84' lang='lat' dir='ltr'>ignominia</span> <span class='ocrx_word' id='word_1_91' title='bbox 998 1260 1135 1325; x_wconf 87' lang='lat' dir='ltr'>familiae</span> 
     </span>
     <span class='ocr_line' id='line_1_13' title="bbox 107 1353 1168 1422; baseline -0.002 -1"><span class='ocrx_word' id='word_1_92' title='bbox 107 1379 149 1421; x_wconf 89' lang='lat' dir='ltr'>ex</span> <span class='ocrx_word' id='word_1_93' title='bbox 171 1379 229 1421; x_wconf 90' lang='lat' dir='ltr'>sua</span> <span class='ocrx_word' id='word_1_94' title='bbox 248 1379 283 1421; x_wconf 92' lang='lat' dir='ltr'>re</span> <span class='ocrx_word' id='word_1_95' title='bbox 301 1356 447 1422; x_wconf 84' lang='lat' dir='ltr'>familiari</span> <span class='ocrx_word' id='word_1_96' title='bbox 468 1356 595 1422; x_wconf 90' lang='lat' dir='ltr'>reficere</span> <span class='ocrx_word' id='word_1_97' title='bbox 614 1353 740 1420; x_wconf 85' lang='lat' dir='ltr'>coactus</span> <span class='ocrx_word' id='word_1_98' title='bbox 759 1363 816 1419; x_wconf 89' lang='lat' dir='ltr'>est.</span> <span class='ocrx_word' id='word_1_99' title='bbox 849 1355 1008 1420; x_wconf 88' lang='lat' dir='ltr'>Timothei</span> <span class='ocrx_word' id='word_1_100' title='bbox 1029 1363 1134 1419; x_wconf 90' lang='lat' dir='ltr'>autem</span> <span class='ocrx_word' id='word_1_101' title='bbox 1153 1371 1168 1418; x_wconf 83' lang='lat'><strong>2</strong></span> 
     </span>
     <span class='ocr_line' id='line_1_14' title="bbox 107 1449 1136 1536; baseline 0 -22"><span class='ocrx_word' id='word_1_102' title='bbox 107 1451 287 1516; x_wconf 88' lang='lat' dir='ltr'>moderatae</span> <span class='ocrx_word' id='word_1_103' title='bbox 305 1450 517 1536; x_wconf 88' lang='lat' dir='ltr'>sapientisque</span> <span class='ocrx_word' id='word_1_104' title='bbox 535 1451 619 1514; x_wconf 89' lang='lat' dir='ltr'>vitae</span> <span class='ocrx_word' id='word_1_105' title='bbox 637 1472 708 1514; x_wconf 92' lang='lat' dir='ltr'>cum</span> <span class='ocrx_word' id='word_1_106' title='bbox 725 1449 875 1535; x_wconf 90' lang='lat' dir='ltr'>pleraque</span> <span class='ocrx_word' id='word_1_107' title='bbox 892 1450 1050 1535; x_wconf 90' lang='lat' dir='ltr'>possimus</span> <span class='ocrx_word' id='word_1_108' title='bbox 1063 1472 1136 1535; x_wconf 90' lang='lat' dir='ltr'>pro·</span> 
     </span>
     <span class='ocr_line' id='line_1_15' title="bbox 107 1543 1136 1626; baseline -0.001 -18"><span class='ocrx_word' id='word_1_109' title='bbox 107 1545 191 1609; x_wconf 86' lang='lat' dir='ltr'>ferre</span> <span class='ocrx_word' id='word_1_110' title='bbox 208 1543 400 1621; x_wconf 87' lang='lat' dir='ltr'>testimonia,</span> <span class='ocrx_word' id='word_1_111' title='bbox 427 1565 491 1608; x_wconf 92' lang='lat' dir='ltr'>uno</span> <span class='ocrx_word' id='word_1_112' title='bbox 509 1543 625 1607; x_wconf 91' lang='lat' dir='ltr'>erimus</span> <span class='ocrx_word' id='word_1_113' title='bbox 644 1544 794 1621; x_wconf 86' lang='lat' dir='ltr'>contenti,</span> <span class='ocrx_word' id='word_1_114' title='bbox 822 1544 908 1626; x_wconf 90' lang='lat' dir='ltr'>quod</span> <span class='ocrx_word' id='word_1_115' title='bbox 925 1565 965 1608; x_wconf 85' lang='lat' dir='ltr'>ex</span> <span class='ocrx_word' id='word_1_116' title='bbox 983 1565 1021 1609; x_wconf 92' lang='lat' dir='ltr'>eo</span> <span class='ocrx_word' id='word_1_117' title='bbox 1042 1543 1136 1608; x_wconf 84' lang='lat' dir='ltr'>facile</span> 
     </span>
    </p>

    <p class='ocr_par' dir='ltr' id='par_1_5' title="bbox 52 1635 1137 2005">
     <span class='ocr_line' id='line_1_16' title="bbox 52 1635 1136 1720; baseline 0 -18"><span class='ocrx_word' id='word_1_118' title='bbox 52 1636 55 1641; x_wconf 80' lang='grc'><strong>’</strong></span> <span class='ocrx_word' id='word_1_119' title='bbox 109 1637 221 1702; x_wconf 87' lang='lat' dir='ltr'>coniici</span> <span class='ocrx_word' id='word_1_120' title='bbox 237 1636 360 1720; x_wconf 88' lang='lat' dir='ltr'>poterit,</span> <span class='ocrx_word' id='word_1_121' title='bbox 379 1658 475 1719; x_wconf 89' lang='lat' dir='ltr'>quam</span> <span class='ocrx_word' id='word_1_122' title='bbox 493 1658 583 1701; x_wconf 89' lang='lat' dir='ltr'>carus</span> <span class='ocrx_word' id='word_1_123' title='bbox 603 1637 668 1701; x_wconf 87' lang='lat' dir='ltr'>suis</span> <span class='ocrx_word' id='word_1_124' title='bbox 686 1635 789 1700; x_wconf 69' lang='lat' dir='ltr'>fuerit·</span> <span class='ocrx_word' id='word_1_125' title='bbox 817 1658 889 1700; x_wconf 92' lang='lat' dir='ltr'>cum</span> <span class='ocrx_word' id='word_1_126' title='bbox 905 1635 1041 1702; x_wconf 86' lang='lat' dir='ltr'>Athenis</span> <span class='ocrx_word' id='word_1_127' title='bbox 1060 1637 1136 1702; x_wconf 90' lang='lat' dir='ltr'>ado-</span> 
     </span>
     <span class='ocr_line' id='line_1_17' title="bbox 107 1729 1134 1816; baseline 0 -21"><span class='ocrx_word' id='word_1_128' title='bbox 107 1729 302 1795; x_wconf 90' lang='lat' dir='ltr'>lescentulus</span> <span class='ocrx_word' id='word_1_129' title='bbox 325 1752 471 1795; x_wconf 88' lang='lat' dir='ltr'>caussam</span> <span class='ocrx_word' id='word_1_130' title='bbox 494 1729 623 1807; x_wconf 88' lang='lat' dir='ltr'>diceret,</span> <span class='ocrx_word' id='word_1_131' title='bbox 645 1752 711 1811; x_wconf 83' lang='lat' dir='ltr'>non</span> <span class='ocrx_word' id='word_1_132' title='bbox 729 1729 831 1794; x_wconf 87' lang='lat' dir='ltr'>solum</span> <span class='ocrx_word' id='word_1_133' title='bbox 849 1729 941 1794; x_wconf 92' lang='lat' dir='ltr'>amici</span> <span class='ocrx_word' id='word_1_134' title='bbox 957 1730 1134 1816; x_wconf 86' lang='lat' dir='ltr'>privatique</span> 
     </span>
     <span class='ocr_line' id='line_1_18' title="bbox 106 1824 1137 1910; baseline -0.001 -20"><span class='ocrx_word' id='word_1_135' title='bbox 106 1824 250 1910; x_wconf 86' lang='lat' dir='ltr'>hospites</span> <span class='ocrx_word' id='word_1_136' title='bbox 269 1826 310 1889; x_wconf 92' lang='lat' dir='ltr'>ad</span> <span class='ocrx_word' id='word_1_137' title='bbox 327 1847 400 1890; x_wconf 91' lang='lat' dir='ltr'>eum</span> <span class='ocrx_word' id='word_1_138' title='bbox 418 1825 651 1890; x_wconf 83' lang='lat' dir='ltr'>defendendum</span> <span class='ocrx_word' id='word_1_139' title='bbox 668 1833 893 1902; x_wconf 88' lang='lat' dir='ltr'>convenerunt,</span> <span class='ocrx_word' id='word_1_140' title='bbox 917 1825 975 1890; x_wconf 88' lang='lat' dir='ltr'>sed</span> <span class='ocrx_word' id='word_1_141' title='bbox 992 1825 1086 1890; x_wconf 91' lang='lat' dir='ltr'>etiam</span> <span class='ocrx_word' id='word_1_142' title='bbox 1102 1826 1137 1889; x_wconf 90' lang='lat' dir='ltr'>in</span> 
     </span>
     <span class='ocr_line' id='line_1_19' title="bbox 108 1917 1137 2005; baseline -0.003 -20"><span class='ocrx_word' id='word_1_143' title='bbox 108 1918 155 1985; x_wconf 87' lang='lat' dir='ltr'>eis</span> <span class='ocrx_word' id='word_1_144' title='bbox 173 1917 279 1997; x_wconf 88' lang='lat' dir='ltr'>Iason,</span> <span class='ocrx_word' id='word_1_145' title='bbox 298 1927 449 2004; x_wconf 87' lang='lat' dir='ltr'>tyrannus</span> <span class='ocrx_word' id='word_1_146' title='bbox 468 1919 667 1996; x_wconf 86' lang='lat' dir='ltr'>Thessaliae,</span> <span class='ocrx_word' id='word_1_147' title='bbox 691 1918 746 2003; x_wconf 93' lang='lat' dir='ltr'>qui</span> <span class='ocrx_word' id='word_1_148' title='bbox 763 1918 816 1983; x_wconf 93' lang='lat' dir='ltr'>illo</span> <span class='ocrx_word' id='word_1_149' title='bbox 835 1927 975 2005; x_wconf 89' lang='lat' dir='ltr'>tempore</span> <span class='ocrx_word' id='word_1_150' title='bbox 992 1918 1053 1983; x_wconf 84' lang='lat' dir='ltr'>fuit</span> <span class='ocrx_word' id='word_1_151' title='bbox 1069 1941 1137 1983; x_wconf 92' lang='lat' dir='ltr'>om-</span> 
     </span>
    </p>

    <p class='ocr_par' dir='ltr' id='par_1_6' title="bbox 48 2013 1243 2852">
     <span class='ocr_line' id='line_1_20' title="bbox 48 2013 1170 2100; baseline 0 -21"><span class='ocrx_word' id='word_1_152' title='bbox 48 2084 54 2091; x_wconf 40' lang='lat'>·</span> <span class='ocrx_word' id='word_1_153' title='bbox 108 2014 197 2079; x_wconf 93' lang='lat' dir='ltr'>nium</span> <span class='ocrx_word' id='word_1_154' title='bbox 214 2013 460 2099; x_wconf 87' lang='lat' dir='ltr'>potentissimus.</span> <span class='ocrx_word' id='word_1_155' title='bbox 487 2013 540 2080; x_wconf 90' lang='lat' dir='ltr'>hio</span> <span class='ocrx_word' id='word_1_156' title='bbox 557 2037 630 2080; x_wconf 94' lang='lat' dir='ltr'>cum</span> <span class='ocrx_word' id='word_1_157' title='bbox 646 2015 679 2078; x_wconf 82' lang='lat' dir='ltr'>in</span> <span class='ocrx_word' id='word_1_158' title='bbox 696 2013 798 2100; x_wconf 88' lang='lat' dir='ltr'>patria</span> <span class='ocrx_word' id='word_1_159' title='bbox 816 2014 883 2078; x_wconf 82' lang='lat' dir='ltr'>sine</span> <span class='ocrx_word' id='word_1_160' title='bbox 902 2013 1086 2080; x_wconf 87' lang='lat' dir='ltr'>satellitibus</span> <span class='ocrx_word' id='word_1_161' title='bbox 1101 2036 1135 2079; x_wconf 88' lang='lat' dir='ltr'>se</span> <span class='ocrx_word' id='word_1_162' title='bbox 1154 2025 1170 2071; x_wconf 84' lang='lat'><strong>3</strong></span> 
     </span>
     <span class='ocr_line' id='line_1_21' title="bbox 109 2107 1136 2199; baseline 0 -27"><span class='ocrx_word' id='word_1_163' title='bbox 109 2117 158 2172; x_wconf 90' lang='lat' dir='ltr'>tut</span> <span class='ocrx_word' id='word_1_164' title='bbox 159 2130 213 2172; x_wconf 91' lang='lat' dir='ltr'>um</span> <span class='ocrx_word' id='word_1_165' title='bbox 230 2131 295 2173; x_wconf 92' lang='lat' dir='ltr'>non</span> <span class='ocrx_word' id='word_1_166' title='bbox 312 2107 475 2175; x_wconf 86' lang='lat' dir='ltr'>arbitraret</span> <span class='ocrx_word' id='word_1_167' title='bbox 462 2117 522 2187; x_wconf 89' lang='lat' dir='ltr'>t,ur</span> <span class='ocrx_word' id='word_1_168' title='bbox 540 2107 733 2175; x_wconf 87' lang='lat' dir='ltr'>Athenas</span> <span class='ocrx_word' id='word_1_169' title='bbox 708 2130 776 2199; x_wconf 86' lang='lat' dir='ltr'>srne</span> <span class='ocrx_word' id='word_1_170' title='bbox 793 2108 858 2174; x_wconf 88' lang='lat' dir='ltr'>ullo</span> <span class='ocrx_word' id='word_1_171' title='bbox 874 2108 1032 2195; x_wconf 88' lang='lat' dir='ltr'>praesidio</span> <span class='ocrx_word' id='word_1_172' title='bbox 1049 2109 1136 2173; x_wconf 90' lang='lat' dir='ltr'>venit</span> 
     </span>
     <span class='ocr_line' id='line_1_22' title="bbox 109 2186 1136 2289; baseline 0 -23"><span class='ocrx_word' id='word_1_173' title='bbox 109 2186 250 2286; x_wconf 71' lang='lat' dir='ltr'>tantique</span> <span class='ocrx_word' id='word_1_174' title='bbox 259 2201 416 2288; x_wconf 88' lang='lat' dir='ltr'>hospitem</span> <span class='ocrx_word' id='word_1_175' title='bbox 425 2202 509 2281; x_wconf 85' lang='lat' dir='ltr'>fecit,</span> <span class='ocrx_word' id='word_1_176' title='bbox 524 2213 559 2268; x_wconf 88' lang='lat' dir='ltr'>ut</span> <span class='ocrx_word' id='word_1_177' title='bbox 547 2203 679 2269; x_wconf 88' lang='lat' dir='ltr'>tmallet</span> <span class='ocrx_word' id='word_1_178' title='bbox 688 2225 724 2268; x_wconf 92' lang='lat' dir='ltr'>se</span> <span class='ocrx_word' id='word_1_179' title='bbox 738 2202 821 2289; x_wconf 86' lang='lat' dir='ltr'>capit</span> <span class='ocrx_word' id='word_1_180' title='bbox 821 2202 849 2267; x_wconf 91' lang='lat' dir='ltr'>is</span> <span class='ocrx_word' id='word_1_181' title='bbox 863 2200 1037 2289; x_wconf 89' lang='lat' dir='ltr'>periculum</span> <span class='ocrx_word' id='word_1_182' title='bbox 1051 2202 1136 2268; x_wconf 90' lang='lat' dir='ltr'>adire</span> 
     </span>
     <span class='ocr_line' id='line_1_23' title="bbox 108 2294 1222 2380; baseline 0 -20"><span class='ocrx_word' id='word_1_183' title='bbox 108 2317 206 2380; x_wconf 89' lang='lat' dir='ltr'>quam</span> <span class='ocrx_word' id='word_1_184' title='bbox 219 2294 386 2362; x_wconf 81' lang='lat' dir='ltr'>Timotheo</span> <span class='ocrx_word' id='word_1_185' title='bbox 404 2297 444 2362; x_wconf 94' lang='lat' dir='ltr'>de</span> <span class='ocrx_word' id='word_1_186' title='bbox 460 2297 547 2362; x_wconf 88' lang='lat' dir='ltr'>fama</span> <span class='ocrx_word' id='word_1_187' title='bbox 560 2297 718 2363; x_wconf 85' lang='lat' dir='ltr'>dimicant‘</span> <span class='ocrx_word' id='word_1_188' title='bbox 697 2306 721 2362; x_wconf 85' lang='lat' dir='ltr'>tr</span> <span class='ocrx_word' id='word_1_189' title='bbox 734 2298 854 2362; x_wconf 89' lang='lat' dir='ltr'>deesse.</span> <span class='ocrx_word' id='word_1_190' title='bbox 882 2297 966 2362; x_wconf 85' lang='lat' dir='ltr'>hunc</span> <span class='ocrx_word' id='word_1_191' title='bbox 985 2297 1136 2361; x_wconf 85' lang='lat' dir='ltr'>adversus</span> <span class='ocrx_word' id='word_1_192' title='bbox 1220 2323 1222 2329; x_wconf 39' lang='lat' dir='ltr'>s</span> 
     </span>
     <span class='ocr_line' id='line_1_24' title="bbox 109 2389 1138 2477; baseline 0.001 -23"><span class='ocrx_word' id='word_1_193' title='bbox 109 2402 216 2455; x_wconf 89' lang='lat' dir='ltr'>tamen</span> <span class='ocrx_word' id='word_1_194' title='bbox 234 2389 420 2454; x_wconf 90' lang='lat' dir='ltr'>Timotheus</span> <span class='ocrx_word' id='word_1_195' title='bbox 441 2412 500 2476; x_wconf 93' lang='lat' dir='ltr'>pos</span> <span class='ocrx_word' id='word_1_196' title='bbox 502 2398 553 2455; x_wconf 88' lang='lat' dir='ltr'>tea</span> <span class='ocrx_word' id='word_1_197' title='bbox 572 2391 707 2476; x_wconf 90' lang='lat' dir='ltr'>populi</span> <span class='ocrx_word' id='word_1_198' title='bbox 698 2414 788 2456; x_wconf 84' lang='lat' dir='ltr'>russu</span> <span class='ocrx_word' id='word_1_199' title='bbox 804 2390 924 2455; x_wconf 91' lang='lat' dir='ltr'>bellum</span> <span class='ocrx_word' id='word_1_200' title='bbox 945 2390 1058 2477; x_wconf 85' lang='lat' dir='ltr'>gessit,</span> <span class='ocrx_word' id='word_1_201' title='bbox 1081 2413 1138 2476; x_wconf 83' lang='lat' dir='ltr'>pa·</span> 
     </span>
     <span class='ocr_line' id='line_1_25' title="bbox 108 2482 1243 2571; baseline 0.001 -23"><span class='ocrx_word' id='word_1_202' title='bbox 108 2484 188 2548; x_wconf 87' lang='lat' dir='ltr'>triae</span> <span class='ocrx_word' id='word_1_203' title='bbox 210 2483 367 2548; x_wconf 83' lang='lat' dir='ltr'>sanctiora</span> <span class='ocrx_word' id='word_1_204' title='bbox 387 2482 456 2548; x_wconf 91' lang='lat' dir='ltr'>iura</span> <span class='ocrx_word' id='word_1_205' title='bbox 477 2505 574 2567; x_wconf 90' lang='lat' dir='ltr'>quam</span> <span class='ocrx_word' id='word_1_206' title='bbox 599 2484 728 2571; x_wconf 88' lang='lat' dir='ltr'>hospitii</span> <span class='ocrx_word' id='word_1_207' title='bbox 754 2506 825 2550; x_wconf 87' lang='lat' dir='ltr'>esse</span> <span class='ocrx_word' id='word_1_208' title='bbox 845 2485 945 2550; x_wconf 81' lang='lat' dir='ltr'>duxit.</span> <span class='ocrx_word' id='word_1_209' title='bbox 981 2485 1061 2550; x_wconf 91' lang='lat' dir='ltr'>haec</span> <span class='ocrx_word' id='word_1_210' title='bbox 1083 2497 1170 2549; x_wconf 60' lang='grc' dir='ltr'>ιιι-4</span> <span class='ocrx_word' id='word_1_211' title='bbox 1226 2482 1243 2505; x_wconf 66' lang='grc'><em>“</em></span> 
     </span>
     <span class='ocr_line' id='line_1_26' title="bbox 108 2576 1136 2665; baseline 0.002 -23"><span class='ocrx_word' id='word_1_212' title='bbox 108 2587 210 2642; x_wconf 86' lang='lat' dir='ltr'>trema</span> <span class='ocrx_word' id='word_1_213' title='bbox 231 2576 292 2640; x_wconf 85' lang='lat' dir='ltr'>fuit</span> <span class='ocrx_word' id='word_1_214' title='bbox 318 2585 404 2642; x_wconf 89' lang='lat' dir='ltr'>aetas</span> <span class='ocrx_word' id='word_1_215' title='bbox 430 2577 654 2663; x_wconf 87' lang='lat' dir='ltr'>imperatorum</span> <span class='ocrx_word' id='word_1_216' title='bbox 674 2578 932 2657; x_wconf 88' lang='lat' dir='ltr'>Atheniensium,</span> <span class='ocrx_word' id='word_1_217' title='bbox 958 2578 1136 2665; x_wconf 86' lang='lat' dir='ltr'>Iphicratis,</span> 
     </span>
     <span class='ocr_line' id='line_1_27' title="bbox 109 2669 1138 2758; baseline 0.002 -24"><span class='ocrx_word' id='word_1_218' title='bbox 109 2669 279 2757; x_wconf 84' lang='lat' dir='ltr'>Chabriae,</span> <span class='ocrx_word' id='word_1_219' title='bbox 299 2670 466 2749; x_wconf 89' lang='lat' dir='ltr'>Timothei,</span> <span class='ocrx_word' id='word_1_220' title='bbox 485 2695 587 2756; x_wconf 90' lang='lat' dir='ltr'>neque</span> <span class='ocrx_word' id='word_1_221' title='bbox 604 2682 678 2758; x_wconf 90' lang='lat' dir='ltr'>post</span> <span class='ocrx_word' id='word_1_222' title='bbox 694 2673 818 2738; x_wconf 90' lang='lat' dir='ltr'>illorum</span> <span class='ocrx_word' id='word_1_223' title='bbox 832 2672 953 2739; x_wconf 90' lang='lat' dir='ltr'>obitum</span> <span class='ocrx_word' id='word_1_224' title='bbox 970 2672 1138 2757; x_wconf 89' lang='lat' dir='ltr'>quisquam</span> 
     </span>
     <span class='ocr_line' id='line_1_28' title="bbox 108 2763 781 2852; baseline 0.001 -21"><span class='ocrx_word' id='word_1_225' title='bbox 108 2765 177 2831; x_wconf 86' lang='lat' dir='ltr'>dux</span> <span class='ocrx_word' id='word_1_226' title='bbox 193 2764 227 2828; x_wconf 93' lang='lat' dir='ltr'>in</span> <span class='ocrx_word' id='word_1_227' title='bbox 243 2764 298 2829; x_wconf 89' lang='lat' dir='ltr'>illa</span> <span class='ocrx_word' id='word_1_228' title='bbox 314 2763 393 2830; x_wconf 90' lang='lat' dir='ltr'>urbe</span> <span class='ocrx_word' id='word_1_229' title='bbox 410 2765 470 2831; x_wconf 86' lang='lat' dir='ltr'>fuit</span> <span class='ocrx_word' id='word_1_230' title='bbox 487 2767 603 2852; x_wconf 86' lang='lat' dir='ltr'>dignus</span> <span class='ocrx_word' id='word_1_231' title='bbox 621 2767 781 2832; x_wconf 89' lang='lat' dir='ltr'>memoria.</span> 
     </span>
    </p>

    <p class='ocr_par' dir='ltr' id='par_1_7' title="bbox 108 2856 1190 3417">
     <span class='ocr_line' id='line_1_29' title="bbox 162 2856 1169 2943; baseline 0.002 -21"><span class='ocrx_word' id='word_1_232' title='bbox 162 2856 204 2922; x_wconf 90' lang='lat' dir='ltr'>V.</span> <span class='ocrx_word' id='word_1_233' title='bbox 230 2857 334 2924; x_wconf 92' lang='lat' dir='ltr'>Venio</span> <span class='ocrx_word' id='word_1_234' title='bbox 345 2881 436 2938; x_wconf 18' lang='lat' dir='ltr'>*nuno</span> <span class='ocrx_word' id='word_1_235' title='bbox 453 2859 495 2924; x_wconf 92' lang='lat' dir='ltr'>ad</span> <span class='ocrx_word' id='word_1_236' title='bbox 511 2859 717 2925; x_wconf 85' lang='lat' dir='ltr'>fortissimum</span> <span class='ocrx_word' id='word_1_237' title='bbox 734 2861 837 2925; x_wconf 89' lang='lat' dir='ltr'>virum</span> <span class='ocrx_word' id='word_1_238' title='bbox 854 2859 1045 2943; x_wconf 86' lang='lat' dir='ltr'>maximique</span> <span class='ocrx_word' id='word_1_239' title='bbox 1063 2879 1137 2924; x_wconf 91' lang='lat' dir='ltr'>con·</span> <span class='ocrx_word' id='word_1_240' title='bbox 1157 2872 1169 2917; x_wconf 85' lang='lat'>1</span> 
     </span>
     <span class='ocr_line' id='line_1_30' title="bbox 109 2951 1138 3040; baseline 0.001 -23"><span class='ocrx_word' id='word_1_241' title='bbox 109 2951 173 3017; x_wconf 92' lang='lat' dir='ltr'>silii</span> <span class='ocrx_word' id='word_1_242' title='bbox 194 2951 335 3017; x_wconf 92' lang='lat' dir='ltr'>omnium</span> <span class='ocrx_word' id='word_1_243' title='bbox 356 2951 561 3018; x_wconf 90' lang='lat' dir='ltr'>barbarorum</span> <span class='ocrx_word' id='word_1_244' title='bbox 587 2953 727 3039; x_wconf 86' lang='lat' dir='ltr'>exceptis</span> <span class='ocrx_word' id='word_1_245' title='bbox 750 2953 873 3020; x_wconf 89' lang='lat' dir='ltr'>duobus</span> <span class='ocrx_word' id='word_1_246' title='bbox 898 2952 1138 3040; x_wconf 90' lang='lat' dir='ltr'>Carthaginien·</span> 
     </span>
     <span class='ocr_line' id='line_1_31' title="bbox 110 3043 1190 3134; baseline -0.001 -23"><span class='ocrx_word' id='word_1_247' title='bbox 110 3043 210 3123; x_wconf 89' lang='lat' dir='ltr'>sibus,</span> <span class='ocrx_word' id='word_1_248' title='bbox 228 3043 411 3111; x_wconf 90' lang='lat' dir='ltr'>Hamilcare</span> <span class='ocrx_word' id='word_1_249' title='bbox 424 3055 455 3112; x_wconf 91' lang='lat' dir='ltr'>et</span> <span class='ocrx_word' id='word_1_250' title='bbox 463 3045 661 3113; x_wconf 86' lang='lat' dir='ltr'>Hannibale..</span> <span class='ocrx_word' id='word_1_251' title='bbox 682 3047 721 3113; x_wconf 92' lang='lat' dir='ltr'>de</span> <span class='ocrx_word' id='word_1_252' title='bbox 734 3070 797 3132; x_wconf 91' lang='lat' dir='ltr'>quo</span> <span class='ocrx_word' id='word_1_253' title='bbox 810 3047 872 3113; x_wconf 93' lang='lat' dir='ltr'>hoc</span> <span class='ocrx_word' id='word_1_254' title='bbox 884 3047 975 3134; x_wconf 91' lang='lat' dir='ltr'>plura</span> <span class='ocrx_word' id='word_1_255' title='bbox 988 3047 1135 3123; x_wconf 83' lang='lat' dir='ltr'>feremus,</span> <span class='ocrx_word' id='word_1_256' title='bbox 1156 3059 1190 3104; x_wconf 79' lang='lat'>2·</span> 
     </span>
     <span class='ocr_line' id='line_1_32' title="bbox 108 3138 1137 3229; baseline 0.001 -26"><span class='ocrx_word' id='word_1_257' title='bbox 108 3140 196 3223; x_wconf 91' lang='lat' dir='ltr'>qnod</span> <span class='ocrx_word' id='word_1_258' title='bbox 214 3147 246 3205; x_wconf 91' lang='lat' dir='ltr'>et</span> <span class='ocrx_word' id='word_1_259' title='bbox 267 3138 449 3206; x_wconf 86' lang='lat' dir='ltr'>obscuriora</span> <span class='ocrx_word' id='word_1_260' title='bbox 467 3150 541 3207; x_wconf 89' lang='lat' dir='ltr'>sunt</span> <span class='ocrx_word' id='word_1_261' title='bbox 558 3142 626 3208; x_wconf 88' lang='lat' dir='ltr'>eius</span> <span class='ocrx_word' id='word_1_262' title='bbox 644 3150 736 3229; x_wconf 89' lang='lat' dir='ltr'>gesta</span> <span class='ocrx_word' id='word_1_263' title='bbox 752 3141 916 3227; x_wconf 88' lang='lat' dir='ltr'>pleraque,</span> <span class='ocrx_word' id='word_1_264' title='bbox 939 3150 971 3206; x_wconf 89' lang='lat' dir='ltr'>et</span> <span class='ocrx_word' id='word_1_265' title='bbox 989 3162 1035 3218; x_wconf 86' lang='lat' dir='ltr'>ea,</span> <span class='ocrx_word' id='word_1_266' title='bbox 1055 3162 1137 3223; x_wconf 89' lang='lat' dir='ltr'>quac</span> 
     </span>
     <span class='ocr_line' id='line_1_33' title="bbox 108 3233 1138 3322; baseline 0.001 -25"><span class='ocrx_word' id='word_1_267' title='bbox 108 3254 260 3318; x_wconf 90' lang='lat' dir='ltr'>prospere</span> <span class='ocrx_word' id='word_1_268' title='bbox 283 3233 312 3299; x_wconf 92' lang='lat' dir='ltr'>ei</span> <span class='ocrx_word' id='word_1_269' title='bbox 339 3244 514 3315; x_wconf 89' lang='lat' dir='ltr'>cesserunt,</span> <span class='ocrx_word' id='word_1_270' title='bbox 541 3258 605 3302; x_wconf 88' lang='lat' dir='ltr'>non</span> <span class='ocrx_word' id='word_1_271' title='bbox 630 3235 847 3322; x_wconf 85' lang='lat' dir='ltr'>magnitudine</span> <span class='ocrx_word' id='word_1_272' title='bbox 874 3235 1051 3321; x_wconf 89' lang='lat' dir='ltr'>copiarum,</span> <span class='ocrx_word' id='word_1_273' title='bbox 1081 3235 1138 3298; x_wconf 91' lang='lat' dir='ltr'>sed</span> 
     </span>
     <span class='ocr_line' id='line_1_34' title="bbox 111 3326 1137 3417; baseline 0.004 -27"><span class='ocrx_word' id='word_1_274' title='bbox 111 3326 246 3404; x_wconf 91' lang='lat' dir='ltr'>consilii,</span> <span class='ocrx_word' id='word_1_275' title='bbox 271 3350 333 3412; x_wconf 92' lang='lat' dir='ltr'>quo</span> <span class='ocrx_word' id='word_1_276' title='bbox 357 3337 426 3394; x_wconf 92' lang='lat' dir='ltr'>tum</span> <span class='ocrx_word' id='word_1_277' title='bbox 447 3352 555 3397; x_wconf 86' lang='lat' dir='ltr'>omnes</span> <span class='ocrx_word' id='word_1_278' title='bbox 579 3330 761 3417; x_wconf 88' lang='lat' dir='ltr'>superabat,</span> <span class='ocrx_word' id='word_1_279' title='bbox 785 3329 979 3416; x_wconf 89' lang='lat' dir='ltr'>acciderunt,</span> <span class='ocrx_word' id='word_1_280' title='bbox 1002 3351 1137 3413; x_wconf 91' lang='lat' dir='ltr'>quorum</span> 
     </span>
    </p>
   </div>
   <div class='ocr_carea' id='block_1_3' title="bbox 108 3419 1050 3511">
    <p class='ocr_par' dir='ltr' id='par_1_8' title="bbox 108 3419 1050 3511">
     <span class='ocr_line' id='line_1_35' title="bbox 108 3419 1050 3511; baseline 0.006 -27"><span class='ocrx_word' id='word_1_281' title='bbox 108 3419 173 3485; x_wconf 90' lang='lat' dir='ltr'>nisi</span> <span class='ocrx_word' id='word_1_282' title='bbox 185 3421 263 3487; x_wconf 88' lang='lat' dir='ltr'>ratic</span> <span class='ocrx_word' id='word_1_283' title='bbox 278 3423 433 3509; x_wconf 86' lang='lat' dir='ltr'>explicata</span> <span class='ocrx_word' id='word_1_284' title='bbox 450 3424 553 3504; x_wconf 85' lang='lat' dir='ltr'>fuerit,</span> <span class='ocrx_word' id='word_1_285' title='bbox 572 3448 623 3490; x_wconf 89' lang='lat' dir='ltr'>res</span> <span class='ocrx_word' id='word_1_286' title='bbox 642 3446 794 3511; x_wconf 87' lang='lat' dir='ltr'>apparere</span> <span class='ocrx_word' id='word_1_287' title='bbox 811 3433 1050 3510; x_wconf 32' lang='lat' dir='ltr'>nonrpoterunt.</span> 
     </span>
    </p>
   </div>
   <div class='ocr_carea' id='block_1_4' title="bbox 424 3646 824 3715">
    <p class='ocr_par' dir='ltr' id='par_1_9' title="bbox 424 3646 824 3715">
     <span class='ocr_line' id='line_1_36' title="bbox 424 3646 824 3715; baseline 0 -1"><span class='ocrx_word' id='word_1_288' title='bbox 424 3647 521 3714; x_wconf 89' lang='lat' dir='ltr'>XIV.</span> <span class='ocrx_word' id='word_1_289' title='bbox 555 3646 824 3715; x_wconf 87' lang='lat' dir='ltr'>DATAMES.</span> 
     </span>
    </p>
   </div>
   <div class='ocr_carea' id='block_1_5' title="bbox 109 3797 1242 4085">
    <p class='ocr_par' dir='ltr' id='par_1_10' title="bbox 109 3797 1242 4085">
     <span class='ocr_line' id='line_1_37' title="bbox 163 3797 1170 3889; baseline 0.008 -26"><span class='ocrx_word' id='word_1_290' title='bbox 163 3798 191 3864; x_wconf 88' lang='grc' dir='ltr'>Ι.</span> <span class='ocrx_word' id='word_1_291' title='bbox 216 3799 383 3880; x_wconf 89' lang='lat' dir='ltr'>Datames,</span> <span class='ocrx_word' id='word_1_292' title='bbox 400 3811 489 3889; x_wconf 87' lang='lat' dir='ltr'>patre</span> <span class='ocrx_word' id='word_1_293' title='bbox 505 3801 676 3880; x_wconf 86' lang='lat' dir='ltr'>Camisare,</span> <span class='ocrx_word' id='word_1_294' title='bbox 695 3801 821 3868; x_wconf 89' lang='lat' dir='ltr'>natione</span> <span class='ocrx_word' id='word_1_295' title='bbox 833 3800 923 3878; x_wconf 87' lang='lat' dir='ltr'>Care,</span> <span class='ocrx_word' id='word_1_296' title='bbox 942 3809 1042 3865; x_wconf 88' lang='lat' dir='ltr'>matre</span> <span class='ocrx_word' id='word_1_297' title='bbox 1058 3797 1138 3885; x_wconf 86' lang='lat' dir='ltr'>Scy·</span> <span class='ocrx_word' id='word_1_298' title='bbox 1158 3826 1170 3871; x_wconf 87' lang='lat'>1</span> 
     </span>
     <span class='ocr_line' id='line_1_38' title="bbox 109 3890 1139 3983; baseline 0.001 -26"><span class='ocrx_word' id='word_1_299' title='bbox 109 3890 212 3958; x_wconf 87' lang='lat' dir='ltr'>thissa</span> <span class='ocrx_word' id='word_1_300' title='bbox 228 3903 336 3973; x_wconf 86' lang='lat' dir='ltr'>natus,</span> <span class='ocrx_word' id='word_1_301' title='bbox 357 3896 494 3981; x_wconf 92' lang='lat' dir='ltr'>primum</span> <span class='ocrx_word' id='word_1_302' title='bbox 511 3895 646 3962; x_wconf 87' lang='lat' dir='ltr'>militum</span> <span class='ocrx_word' id='word_1_303' title='bbox 664 3894 725 3983; x_wconf 90' lang='lat' dir='ltr'>[in]</span> <span class='ocrx_word' id='word_1_304' title='bbox 744 3919 874 3961; x_wconf 93' lang='lat' dir='ltr'>numero</span> <span class='ocrx_word' id='word_1_305' title='bbox 896 3892 957 3959; x_wconf 83' lang='lat' dir='ltr'>fuit</span> <span class='ocrx_word' id='word_1_306' title='bbox 974 3893 1059 3980; x_wconf 92' lang='lat' dir='ltr'>apud</span> <span class='ocrx_word' id='word_1_307' title='bbox 1075 3893 1139 3959; x_wconf 86' lang='lat' dir='ltr'>Ar-</span> 
     </span>
     <span class='ocr_line' id='line_1_39' title="bbox 110 3987 1242 4085; baseline 0.001 -33"><span class='ocrx_word' id='word_1_308' title='bbox 110 3996 263 4055; x_wconf 84' lang='lat' dir='ltr'>taxerxen</span> <span class='ocrx_word' id='word_1_309' title='bbox 280 4010 403 4069; x_wconf 88' lang='lat' dir='ltr'>eorum,</span> <span class='ocrx_word' id='word_1_310' title='bbox 426 3990 481 4075; x_wconf 91' lang='lat' dir='ltr'>qui</span> <span class='ocrx_word' id='word_1_311' title='bbox 497 3990 618 4077; x_wconf 85' lang='lat' dir='ltr'>regiam</span> <span class='ocrx_word' id='word_1_312' title='bbox 635 3990 811 4058; x_wconf 87' lang='lat' dir='ltr'>tuebantur.</span> <span class='ocrx_word' id='word_1_313' title='bbox 837 3997 926 4075; x_wconf 90' lang='lat' dir='ltr'>pater</span> <span class='ocrx_word' id='word_1_314' title='bbox 944 3987 1012 4053; x_wconf 91' lang='lat' dir='ltr'>eius</span> <span class='ocrx_word' id='word_1_315' title='bbox 1032 3987 1140 4054; x_wconf 83' lang='lat' dir='ltr'>Cami-</span> <span class='ocrx_word' id='word_1_316' title='bbox 1239 4080 1242 4085; x_wconf 20' lang='grc' dir='ltr'>Ι</span> 
     </span>
    </p>
   </div>
   <div class='ocr_carea' id='block_1_6' title="bbox 0 0 1287 4410">
    <p class='ocr_par' dir='ltr' id='par_1_11' title="bbox 0 0 1287 4410">
     <span class='ocr_line' id='line_1_40' title="bbox 0 0 1287 4410; baseline 0 0"><span class='ocrx_word' id='word_1_317' title='bbox 0 0 1287 4410; x_wconf 95' lang='lat' dir='ltr'> </span> 
     </span>
    </p>
   </div>
  </div>
 </body>
</html>
