<?xml version="1.0" encoding="UTF-8"?>
<!DOCTYPE html PUBLIC "-//W3C//DTD XHTML 1.0 Transitional//EN"
    "http://www.w3.org/TR/xhtml1/DTD/xhtml1-transitional.dtd">
<html xmlns="http://www.w3.org/1999/xhtml" xml:lang="en" lang="en">
 <head>
  <title>
</title>
<meta http-equiv="Content-Type" content="text/html;charset=utf-8" />
  <meta name='ocr-system' content='tesseract 3.04.00' />
  <meta name='ocr-capabilities' content='ocr_page ocr_carea ocr_par ocr_line ocrx_word'/>
</head>
<body>
  <div class='ocr_page' id='page_1' title='image "./corneliinepotis00kochgoog_0051.png"; bbox 0 0 2564 4410; ppageno 0'>
   <div class='ocr_carea' id='block_1_1' title="bbox 187 225 884 305">
    <p class='ocr_par' dir='ltr' id='par_1_1' title="bbox 187 225 884 305">
     <span class='ocr_line' id='line_1_1' title="bbox 187 225 884 305; baseline 0.003 -16"><span class='ocrx_word' id='word_1_1' title='bbox 187 225 231 290; x_wconf 83' lang='lat'>30</span> <span class='ocrx_word' id='word_1_2' title='bbox 523 232 884 305; x_wconf 76' lang='lat' dir='ltr'>coaxanuusrons</span> 
     </span>
    </p>
   </div>
   <div class='ocr_carea' id='block_1_2' title="bbox 151 348 1220 906">
    <p class='ocr_par' dir='ltr' id='par_1_2' title="bbox 154 348 1220 813">
     <span class='ocr_line' id='line_1_2' title="bbox 154 348 1220 434; baseline 0.002 -17"><span class='ocrx_word' id='word_1_3' title='bbox 154 375 168 421; x_wconf 86' lang='lat'>1</span> <span class='ocrx_word' id='word_1_4' title='bbox 237 350 300 417; x_wconf 93' lang='grc' dir='ltr'>ΠΙ.</span> <span class='ocrx_word' id='word_1_5' title='bbox 326 348 497 413; x_wconf 81' lang='lat' dir='ltr'>Defecerat</span> <span class='ocrx_word' id='word_1_6' title='bbox 514 371 533 411; x_wconf 91' lang='lat' dir='ltr'>a</span> <span class='ocrx_word' id='word_1_7' title='bbox 549 370 625 434; x_wconf 89' lang='lat' dir='ltr'>rege</span> <span class='ocrx_word' id='word_1_8' title='bbox 642 348 881 434; x_wconf 78' lang='lat' dir='ltr'>Tissaphernes,</span> <span class='ocrx_word' id='word_1_9' title='bbox 900 373 1002 434; x_wconf 87' lang='lat' dir='ltr'>neque</span> <span class='ocrx_word' id='word_1_10' title='bbox 1018 351 1052 416; x_wconf 93' lang='lat' dir='ltr'>id</span> <span class='ocrx_word' id='word_1_11' title='bbox 1069 361 1135 417; x_wconf 88' lang='lat' dir='ltr'>tam</span> <span class='ocrx_word' id='word_1_12' title='bbox 1151 351 1220 419; x_wconf 86' lang='lat' dir='ltr'>Ar·</span> 
     </span>
     <span class='ocr_line' id='line_1_3' title="bbox 186 443 1219 533; baseline 0.002 -22"><span class='ocrx_word' id='word_1_13' title='bbox 186 445 308 511; x_wconf 83' lang='lat' dir='ltr'>taxerxi</span> <span class='ocrx_word' id='word_1_14' title='bbox 329 466 425 527; x_wconf 88' lang='lat' dir='ltr'>quam</span> <span class='ocrx_word' id='word_1_15' title='bbox 447 443 558 507; x_wconf 90' lang='lat' dir='ltr'>ceteris</span> <span class='ocrx_word' id='word_1_16' title='bbox 576 451 643 506; x_wconf 89' lang='lat' dir='ltr'>erat</span> <span class='ocrx_word' id='word_1_17' title='bbox 663 454 815 528; x_wconf 89' lang='lat' dir='ltr'>apertum.</span> <span class='ocrx_word' id='word_1_18' title='bbox 841 445 948 509; x_wconf 76' lang='lat' dir='ltr'>miultis</span> <span class='ocrx_word' id='word_1_19' title='bbox 970 446 1055 510; x_wconf 91' lang='lat' dir='ltr'>enim</span> <span class='ocrx_word' id='word_1_20' title='bbox 1075 449 1219 533; x_wconf 87' lang='lat' dir='ltr'>magnis-</span> 
     </span>
     <span class='ocr_line' id='line_1_4' title="bbox 186 537 1217 624; baseline 0.005 -21"><span class='ocrx_word' id='word_1_21' title='bbox 186 562 247 624; x_wconf 89' lang='lat' dir='ltr'>que</span> <span class='ocrx_word' id='word_1_22' title='bbox 261 538 379 602; x_wconf 85' lang='lat' dir='ltr'>meritis</span> <span class='ocrx_word' id='word_1_23' title='bbox 393 537 478 622; x_wconf 90' lang='lat' dir='ltr'>apud</span> <span class='ocrx_word' id='word_1_24' title='bbox 494 558 611 622; x_wconf 89' lang='lat' dir='ltr'>regem,</span> <span class='ocrx_word' id='word_1_25' title='bbox 630 537 724 600; x_wconf 90' lang='lat' dir='ltr'>etiam</span> <span class='ocrx_word' id='word_1_26' title='bbox 737 559 810 601; x_wconf 93' lang='lat' dir='ltr'>cum</span> <span class='ocrx_word' id='word_1_27' title='bbox 822 539 856 602; x_wconf 92' lang='lat' dir='ltr'>in</span> <span class='ocrx_word' id='word_1_28' title='bbox 868 539 974 604; x_wconf 84' lang='lat' dir='ltr'>officio</span> <span class='ocrx_word' id='word_1_29' title='bbox 986 563 1051 605; x_wconf 93' lang='lat' dir='ltr'>non</span> <span class='ocrx_word' id='word_1_30' title='bbox 1062 555 1217 621; x_wconf 90' lang='lat' dir='ltr'>maneret,</span> 
     </span>
     <span class='ocr_line' id='line_1_5' title="bbox 185 630 1218 714; baseline 0.003 -18"><span class='ocrx_word' id='word_1_31' title='bbox 185 631 320 699; x_wconf 77' lang='lat' dir='ltr'>valebat.</span> <span class='ocrx_word' id='word_1_32' title='bbox 347 652 450 714; x_wconf 89' lang='lat' dir='ltr'>neque</span> <span class='ocrx_word' id='word_1_33' title='bbox 466 630 500 693; x_wconf 92' lang='lat' dir='ltr'>id</span> <span class='ocrx_word' id='word_1_34' title='bbox 517 630 708 708; x_wconf 87' lang='lat' dir='ltr'>mirandum,</span> <span class='ocrx_word' id='word_1_35' title='bbox 728 632 757 695; x_wconf 91' lang='lat' dir='ltr'>si</span> <span class='ocrx_word' id='word_1_36' title='bbox 773 654 838 696; x_wconf 92' lang='lat' dir='ltr'>non</span> <span class='ocrx_word' id='word_1_37' title='bbox 854 632 947 697; x_wconf 84' lang='lat' dir='ltr'>facile</span> <span class='ocrx_word' id='word_1_38' title='bbox 964 634 1006 697; x_wconf 86' lang='lat' dir='ltr'>ad</span> <span class='ocrx_word' id='word_1_39' title='bbox 1022 634 1218 701; x_wconf 89' lang='lat' dir='ltr'>credendum</span> 
     </span>
     <span class='ocr_line' id='line_1_6' title="bbox 187 725 1217 813; baseline 0.004 -21"><span class='ocrx_word' id='word_1_40' title='bbox 187 726 415 802; x_wconf 79' lang='lat' dir='ltr'>adducebatur,</span> <span class='ocrx_word' id='word_1_41' title='bbox 438 725 655 802; x_wconf 89' lang='lat' dir='ltr'>reminiscens,</span> <span class='ocrx_word' id='word_1_42' title='bbox 678 727 745 791; x_wconf 91' lang='lat' dir='ltr'>eius</span> <span class='ocrx_word' id='word_1_43' title='bbox 769 749 804 791; x_wconf 87' lang='lat' dir='ltr'>sc</span> <span class='ocrx_word' id='word_1_44' title='bbox 825 748 920 811; x_wconf 86' lang='lat' dir='ltr'>opera</span> <span class='ocrx_word' id='word_1_45' title='bbox 941 727 1062 813; x_wconf 86' lang='lat' dir='ltr'><strong>Cyrum</strong></span> <span class='ocrx_word' id='word_1_46' title='bbox 1083 729 1217 796; x_wconf 80' lang='lat' dir='ltr'>liatrem</span> 
     </span>
    </p>

    <p class='ocr_par' dir='ltr' id='par_1_3' title="bbox 151 819 1216 906">
     <span class='ocr_line' id='line_1_7' title="bbox 151 819 1216 906; baseline 0.002 -18"><span class='ocrx_word' id='word_1_47' title='bbox 151 842 166 889; x_wconf 78' lang='lat'>2</span> <span class='ocrx_word' id='word_1_48' title='bbox 186 843 361 906; x_wconf 87' lang='lat' dir='ltr'>superasse.</span> <span class='ocrx_word' id='word_1_49' title='bbox 391 820 484 884; x_wconf 91' lang='lat' dir='ltr'>huius</span> <span class='ocrx_word' id='word_1_50' title='bbox 511 820 679 883; x_wconf 90' lang='lat' dir='ltr'>accusandi</span> <span class='ocrx_word' id='word_1_51' title='bbox 700 821 802 906; x_wconf 88' lang='lat' dir='ltr'>gratia</span> <span class='ocrx_word' id='word_1_52' title='bbox 824 819 937 886; x_wconf 87' lang='lat' dir='ltr'>Conon</span> <span class='ocrx_word' id='word_1_53' title='bbox 961 846 982 887; x_wconf 92' lang='lat' dir='ltr'>a</span> <span class='ocrx_word' id='word_1_54' title='bbox 1002 823 1216 890; x_wconf 82' lang='lat' dir='ltr'>Pharnabazo</span> 
     </span>
    </p>
   </div>
   <div class='ocr_carea' id='block_1_3' title="bbox 143 915 1216 3167">
    <p class='ocr_par' dir='ltr' id='par_1_4' title="bbox 148 915 1216 1659">
     <span class='ocr_line' id='line_1_8' title="bbox 184 915 1216 1002; baseline 0.004 -22"><span class='ocrx_word' id='word_1_55' title='bbox 184 917 226 980; x_wconf 92' lang='lat' dir='ltr'>ad</span> <span class='ocrx_word' id='word_1_56' title='bbox 237 938 344 1002; x_wconf 91' lang='lat' dir='ltr'>regem</span> <span class='ocrx_word' id='word_1_57' title='bbox 357 915 483 990; x_wconf 90' lang='lat' dir='ltr'>missus,</span> <span class='ocrx_word' id='word_1_58' title='bbox 502 923 708 999; x_wconf 86' lang='lat' dir='ltr'>posteaquam</span> <span class='ocrx_word' id='word_1_59' title='bbox 721 915 816 993; x_wconf 82' lang='lat' dir='ltr'>venit,</span> <span class='ocrx_word' id='word_1_60' title='bbox 833 916 970 1001; x_wconf 90' lang='lat' dir='ltr'>primum</span> <span class='ocrx_word' id='word_1_61' title='bbox 983 938 1023 980; x_wconf 88' lang='lat' dir='ltr'>ex</span> <span class='ocrx_word' id='word_1_62' title='bbox 1035 939 1121 982; x_wconf 90' lang='lat' dir='ltr'>more</span> <span class='ocrx_word' id='word_1_63' title='bbox 1133 917 1216 984; x_wconf 92' lang='lat' dir='ltr'>Per-</span> 
     </span>
     <span class='ocr_line' id='line_1_9' title="bbox 184 1008 1215 1116; baseline 0.001 -39"><span class='ocrx_word' id='word_1_64' title='bbox 184 1035 289 1077; x_wconf 89' lang='lat' dir='ltr'>sarum</span> <span class='ocrx_word' id='word_1_65' title='bbox 303 1011 344 1074; x_wconf 92' lang='lat' dir='ltr'>ad</span> <span class='ocrx_word' id='word_1_66' title='bbox 357 1008 569 1085; x_wconf 85' lang='lat' dir='ltr'>chiliarchum,</span> <span class='ocrx_word' id='word_1_67' title='bbox 588 1010 642 1116; x_wconf 81' lang='lat' dir='ltr'>qui</span> <span class='ocrx_word' id='word_1_68' title='bbox 656 1010 828 1074; x_wconf 91' lang='lat' dir='ltr'>secundum</span> <span class='ocrx_word' id='word_1_69' title='bbox 845 1010 978 1096; x_wconf 91' lang='lat' dir='ltr'>gradum</span> <span class='ocrx_word' id='word_1_70' title='bbox 990 1011 1113 1096; x_wconf 87' lang='lat' dir='ltr'>imperii</span> <span class='ocrx_word' id='word_1_71' title='bbox 1125 1022 1215 1078; x_wconf 92' lang='lat' dir='ltr'>tene-</span> 
     </span>
     <span class='ocr_line' id='line_1_10' title="bbox 182 1103 1215 1191; baseline -0.001 -20"><span class='ocrx_word' id='word_1_72' title='bbox 182 1107 250 1183; x_wconf 91' lang='lat' dir='ltr'>bat,</span> <span class='ocrx_word' id='word_1_73' title='bbox 274 1103 488 1168; x_wconf 83' lang='lat' dir='ltr'>Tithraustem</span> <span class='ocrx_word' id='word_1_74' title='bbox 510 1103 643 1166; x_wconf 89' lang='lat' dir='ltr'>accessit</span> <span class='ocrx_word' id='word_1_75' title='bbox 664 1124 760 1186; x_wconf 86' lang='lat' dir='ltr'>seque</span> <span class='ocrx_word' id='word_1_76' title='bbox 778 1112 828 1168; x_wconf 90' lang='lat' dir='ltr'>ost</span> <span class='ocrx_word' id='word_1_77' title='bbox 815 1104 914 1167; x_wconf 85' lang='lat' dir='ltr'>tendit</span> <span class='ocrx_word' id='word_1_78' title='bbox 931 1126 1004 1167; x_wconf 91' lang='lat' dir='ltr'>cum</span> <span class='ocrx_word' id='word_1_79' title='bbox 1020 1127 1096 1191; x_wconf 89' lang='lat' dir='ltr'>rege</span> <span class='ocrx_word' id='word_1_80' title='bbox 1113 1106 1215 1171; x_wconf 91' lang='lat' dir='ltr'>collo-</span> 
     </span>
     <span class='ocr_line' id='line_1_11' title="bbox 148 1196 1213 1287; baseline -0.006 -18"><span class='ocrx_word' id='word_1_81' title='bbox 148 1222 238 1287; x_wconf 82' lang='lat' dir='ltr'>3qu1</span> <span class='ocrx_word' id='word_1_82' title='bbox 226 1199 338 1265; x_wconf 87' lang='lat' dir='ltr'>velle.</span> <span class='ocrx_word' id='word_1_83' title='bbox 357 1219 449 1263; x_wconf 90' lang='lat' dir='ltr'>nemo</span> <span class='ocrx_word' id='word_1_84' title='bbox 463 1197 547 1260; x_wconf 88' lang='lat' dir='ltr'>enim</span> <span class='ocrx_word' id='word_1_85' title='bbox 560 1197 626 1281; x_wconf 86' lang='lat' dir='ltr'>sine</span> <span class='ocrx_word' id='word_1_86' title='bbox 639 1196 700 1261; x_wconf 89' lang='lat' dir='ltr'>hoc</span> <span class='ocrx_word' id='word_1_87' title='bbox 713 1197 847 1261; x_wconf 79' lang='lat' dir='ltr'>admittit</span> <span class='ocrx_word' id='word_1_88' title='bbox 834 1206 893 1262; x_wconf 90' lang='lat' dir='ltr'>t.ur</span> <span class='ocrx_word' id='word_1_89' title='bbox 911 1197 985 1262; x_wconf 92' lang='lat' dir='ltr'>huic</span> <span class='ocrx_word' id='word_1_90' title='bbox 997 1198 1050 1262; x_wconf 89' lang='lat' dir='ltr'>ille</span> <span class='ocrx_word' id='word_1_91' title='bbox 1064 1198 1213 1278; x_wconf 87' lang='lat' dir='ltr'>„“Nulla,</span> 
     </span>
     <span class='ocr_line' id='line_1_12' title="bbox 181 1276 1214 1378; baseline -0.001 -19"><span class='ocrx_word' id='word_1_92' title='bbox 181 1294 291 1378; x_wconf 91' lang='lat' dir='ltr'>inquit,</span> <span class='ocrx_word' id='word_1_93' title='bbox 312 1313 420 1372; x_wconf 90' lang='lat' dir='ltr'>„mora</span> <span class='ocrx_word' id='word_1_94' title='bbox 433 1300 495 1368; x_wconf 81' lang='lat' dir='ltr'>est3</span> <span class='ocrx_word' id='word_1_95' title='bbox 468 1290 570 1354; x_wconf 70' lang='lat' dir='ltr'>tsed</span> <span class='ocrx_word' id='word_1_96' title='bbox 583 1276 618 1352; x_wconf 86' lang='lat' dir='ltr'>tu</span> <span class='ocrx_word' id='word_1_97' title='bbox 631 1289 777 1366; x_wconf 90' lang='lat' dir='ltr'>delibera,</span> <span class='ocrx_word' id='word_1_98' title='bbox 795 1301 900 1354; x_wconf 87' lang='lat' dir='ltr'>utrum</span> <span class='ocrx_word' id='word_1_99' title='bbox 913 1291 1048 1376; x_wconf 84' lang='lat' dir='ltr'>colloqui</span> <span class='ocrx_word' id='word_1_100' title='bbox 1059 1292 1152 1358; x_wconf 88' lang='lat' dir='ltr'>malis</span> <span class='ocrx_word' id='word_1_101' title='bbox 1170 1317 1214 1358; x_wconf 89' lang='lat' dir='ltr'>an</span> 
     </span>
     <span class='ocr_line' id='line_1_13' title="bbox 181 1385 1214 1475; baseline -0.001 -23"><span class='ocrx_word' id='word_1_102' title='bbox 181 1411 238 1475; x_wconf 91' lang='lat' dir='ltr'>per</span> <span class='ocrx_word' id='word_1_103' title='bbox 259 1387 308 1451; x_wconf 93' lang='lat' dir='ltr'>h</span> <span class='ocrx_word' id='word_1_104' title='bbox 282 1397 378 1450; x_wconf 87' lang='lat' dir='ltr'>tteras</span> <span class='ocrx_word' id='word_1_105' title='bbox 400 1406 510 1471; x_wconf 86' lang='lat' dir='ltr'>agere,</span> <span class='ocrx_word' id='word_1_106' title='bbox 533 1406 615 1467; x_wconf 90' lang='lat' dir='ltr'>quae</span> <span class='ocrx_word' id='word_1_107' title='bbox 637 1385 766 1470; x_wconf 87' lang='lat' dir='ltr'>cogitas.</span> <span class='ocrx_word' id='word_1_108' title='bbox 793 1407 923 1451; x_wconf 89' lang='lat' dir='ltr'>necesse</span> <span class='ocrx_word' id='word_1_109' title='bbox 942 1396 990 1450; x_wconf 88' lang='lat' dir='ltr'>est</span> <span class='ocrx_word' id='word_1_110' title='bbox 1012 1387 1109 1464; x_wconf 91' lang='lat' dir='ltr'>enim,</span> <span class='ocrx_word' id='word_1_111' title='bbox 1132 1387 1214 1452; x_wconf 88' lang='lat' dir='ltr'>siin</span> 
     </span>
     <span class='ocr_line' id='line_1_14' title="bbox 182 1477 1214 1568; baseline -0.001 -21"><span class='ocrx_word' id='word_1_112' title='bbox 182 1489 384 1564; x_wconf 88' lang='lat' dir='ltr'>conspectum</span> <span class='ocrx_word' id='word_1_113' title='bbox 406 1477 543 1554; x_wconf 90' lang='lat' dir='ltr'>veneris,</span> <span class='ocrx_word' id='word_1_114' title='bbox 566 1479 708 1542; x_wconf 86' lang='lat' dir='ltr'>venerari</span> <span class='ocrx_word' id='word_1_115' title='bbox 729 1486 761 1543; x_wconf 87' lang='lat' dir='ltr'>te</span> <span class='ocrx_word' id='word_1_116' title='bbox 781 1501 889 1565; x_wconf 91' lang='lat' dir='ltr'>regem</span> <span class='ocrx_word' id='word_1_117' title='bbox 907 1478 1006 1563; x_wconf 89' lang='lat' dir='ltr'>(quod</span> <span class='ocrx_word' id='word_1_118' title='bbox 1027 1479 1214 1568; x_wconf 76' lang='grc' dir='ltr'><em>προσκύνη-</em></span> 
     </span>
     <span class='ocr_line' id='line_1_15' title="bbox 182 1571 1213 1659; baseline 0 -18"><span class='ocrx_word' id='word_1_119' title='bbox 182 1598 233 1641; x_wconf 79' lang='grc' dir='ltr'>σιν</span> <span class='ocrx_word' id='word_1_120' title='bbox 254 1574 299 1638; x_wconf 94' lang='lat' dir='ltr'>illi</span> <span class='ocrx_word' id='word_1_121' title='bbox 320 1572 458 1657; x_wconf 85' lang='lat' dir='ltr'>vocant).</span> <span class='ocrx_word' id='word_1_122' title='bbox 485 1571 546 1635; x_wconf 87' lang='lat' dir='ltr'>hoc</span> <span class='ocrx_word' id='word_1_123' title='bbox 568 1572 596 1636; x_wconf 89' lang='lat' dir='ltr'>si</span> <span class='ocrx_word' id='word_1_124' title='bbox 618 1571 676 1636; x_wconf 87' lang='lat' dir='ltr'>tibi</span> <span class='ocrx_word' id='word_1_125' title='bbox 692 1595 788 1659; x_wconf 80' lang='lat' dir='ltr'>grave</span> <span class='ocrx_word' id='word_1_126' title='bbox 807 1583 867 1652; x_wconf 90' lang='lat' dir='ltr'>est,</span> <span class='ocrx_word' id='word_1_127' title='bbox 891 1597 947 1659; x_wconf 88' lang='lat' dir='ltr'>per</span> <span class='ocrx_word' id='word_1_128' title='bbox 967 1596 1019 1639; x_wconf 91' lang='lat' dir='ltr'>me</span> <span class='ocrx_word' id='word_1_129' title='bbox 1040 1575 1137 1640; x_wconf 88' lang='lat' dir='ltr'>nihilo</span> <span class='ocrx_word' id='word_1_130' title='bbox 1161 1599 1213 1641; x_wconf 89' lang='lat' dir='ltr'>se-</span> 
     </span>
    </p>

    <p class='ocr_par' dir='ltr' id='par_1_5' title="bbox 145 1668 1213 2224">
     <span class='ocr_line' id='line_1_16' title="bbox 145 1668 1213 1753; baseline -0.002 -15"><span class='ocrx_word' id='word_1_131' title='bbox 145 1694 163 1739; x_wconf 84' lang='lat'>4</span> <span class='ocrx_word' id='word_1_132' title='bbox 181 1673 247 1737; x_wconf 92' lang='lat' dir='ltr'>cius</span> <span class='ocrx_word' id='word_1_133' title='bbox 271 1669 362 1734; x_wconf 89' lang='lat' dir='ltr'>editis</span> <span class='ocrx_word' id='word_1_134' title='bbox 383 1669 539 1733; x_wconf 89' lang='lat' dir='ltr'>mandatis</span> <span class='ocrx_word' id='word_1_135' title='bbox 557 1668 717 1746; x_wconf 89' lang='lat' dir='ltr'>conficies,</span> <span class='ocrx_word' id='word_1_136' title='bbox 740 1670 826 1753; x_wconf 89' lang='lat' dir='ltr'>quod</span> <span class='ocrx_word' id='word_1_137' title='bbox 844 1671 982 1735; x_wconf 88' lang='lat' dir='ltr'>studes.“</span> <span class='ocrx_word' id='word_1_138' title='bbox 1010 1679 1077 1735; x_wconf 88' lang='lat' dir='ltr'>tum</span> <span class='ocrx_word' id='word_1_139' title='bbox 1096 1669 1213 1736; x_wconf 87' lang='lat' dir='ltr'>Conon</span> 
     </span>
     <span class='ocr_line' id='line_1_17' title="bbox 181 1765 1212 1850; baseline 0.001 -20"><span class='ocrx_word' id='word_1_140' title='bbox 181 1766 283 1846; x_wconf 90' lang='lat' dir='ltr'>„Mihi</span> <span class='ocrx_word' id='word_1_141' title='bbox 300 1768 405 1842; x_wconf 87' lang='lat' dir='ltr'>vero,“</span> <span class='ocrx_word' id='word_1_142' title='bbox 424 1765 533 1848; x_wconf 90' lang='lat' dir='ltr'>inquit,</span> <span class='ocrx_word' id='word_1_143' title='bbox 554 1787 637 1843; x_wconf 89' lang='lat' dir='ltr'>„non</span> <span class='ocrx_word' id='word_1_144' title='bbox 650 1774 698 1828; x_wconf 90' lang='lat' dir='ltr'>est</span> <span class='ocrx_word' id='word_1_145' title='bbox 711 1786 818 1850; x_wconf 86' lang='lat' dir='ltr'>grave,</span> <span class='ocrx_word' id='word_1_146' title='bbox 836 1765 979 1847; x_wconf 70' lang='lat' dir='ltr'>quemuis</span> <span class='ocrx_word' id='word_1_147' title='bbox 993 1765 1144 1831; x_wconf 91' lang='lat' dir='ltr'>honorem</span> <span class='ocrx_word' id='word_1_148' title='bbox 1152 1767 1212 1831; x_wconf 87' lang='lat' dir='ltr'>ha·</span> 
     </span>
     <span class='ocr_line' id='line_1_18' title="bbox 181 1858 1211 1946; baseline -0.001 -21"><span class='ocrx_word' id='word_1_149' title='bbox 181 1860 253 1925; x_wconf 90' lang='lat' dir='ltr'>bere</span> <span class='ocrx_word' id='word_1_150' title='bbox 274 1860 356 1946; x_wconf 87' lang='lat' dir='ltr'>regi3</span> <span class='ocrx_word' id='word_1_151' title='bbox 380 1860 437 1923; x_wconf 92' lang='lat' dir='ltr'>sed</span> <span class='ocrx_word' id='word_1_152' title='bbox 458 1880 580 1934; x_wconf 89' lang='lat' dir='ltr'>vereor,</span> <span class='ocrx_word' id='word_1_153' title='bbox 603 1881 644 1922; x_wconf 89' lang='lat' dir='ltr'>ne</span> <span class='ocrx_word' id='word_1_154' title='bbox 662 1858 780 1922; x_wconf 84' lang='lat' dir='ltr'>civitati</span> <span class='ocrx_word' id='word_1_155' title='bbox 802 1880 890 1922; x_wconf 87' lang='lat' dir='ltr'>meae</span> <span class='ocrx_word' id='word_1_156' title='bbox 908 1859 949 1922; x_wconf 91' lang='lat' dir='ltr'>sit</span> <span class='ocrx_word' id='word_1_157' title='bbox 966 1858 1146 1946; x_wconf 89' lang='lat' dir='ltr'>opprobrio,</span> <span class='ocrx_word' id='word_1_158' title='bbox 1172 1862 1211 1938; x_wconf 86' lang='lat' dir='ltr'>si,</span> 
     </span>
     <span class='ocr_line' id='line_1_19' title="bbox 180 1951 1212 2038; baseline 0 -19"><span class='ocrx_word' id='word_1_159' title='bbox 180 1977 253 2020; x_wconf 90' lang='lat' dir='ltr'>cum</span> <span class='ocrx_word' id='word_1_160' title='bbox 270 1977 310 2018; x_wconf 85' lang='lat' dir='ltr'>ex</span> <span class='ocrx_word' id='word_1_161' title='bbox 328 1976 366 2017; x_wconf 89' lang='lat' dir='ltr'>ea</span> <span class='ocrx_word' id='word_1_162' title='bbox 384 1952 443 2016; x_wconf 92' lang='lat' dir='ltr'>sim</span> <span class='ocrx_word' id='word_1_163' title='bbox 460 1951 634 2036; x_wconf 85' lang='lat' dir='ltr'>profectus,</span> <span class='ocrx_word' id='word_1_164' title='bbox 657 1973 738 2035; x_wconf 89' lang='lat' dir='ltr'>quae</span> <span class='ocrx_word' id='word_1_165' title='bbox 756 1952 867 2016; x_wconf 88' lang='lat' dir='ltr'>ceteris</span> <span class='ocrx_word' id='word_1_166' title='bbox 889 1952 1036 2038; x_wconf 89' lang='lat' dir='ltr'>gentibus</span> <span class='ocrx_word' id='word_1_167' title='bbox 1053 1953 1212 2038; x_wconf 84' lang='lat' dir='ltr'>imperare</span> 
     </span>
     <span class='ocr_line' id='line_1_20' title="bbox 179 2044 1208 2131; baseline -0.003 -19"><span class='ocrx_word' id='word_1_168' title='bbox 179 2047 349 2124; x_wconf 89' lang='lat' dir='ltr'>consuerit,</span> <span class='ocrx_word' id='word_1_169' title='bbox 376 2045 480 2130; x_wconf 89' lang='lat' dir='ltr'>potius</span> <span class='ocrx_word' id='word_1_170' title='bbox 506 2044 711 2111; x_wconf 88' lang='lat' dir='ltr'>barbarorum</span> <span class='ocrx_word' id='word_1_171' title='bbox 727 2067 823 2128; x_wconf 88' lang='lat' dir='ltr'>quam</span> <span class='ocrx_word' id='word_1_172' title='bbox 848 2046 931 2111; x_wconf 91' lang='lat' dir='ltr'>illius</span> <span class='ocrx_word' id='word_1_173' title='bbox 953 2068 1040 2111; x_wconf 90' lang='lat' dir='ltr'>more</span> <span class='ocrx_word' id='word_1_174' title='bbox 1056 2044 1208 2131; x_wconf 81' lang='lat' dir='ltr'>fungar.“</span> 
     </span>
     <span class='ocr_line' id='line_1_21' title="bbox 178 2138 932 2224; baseline 0 -20"><span class='ocrx_word' id='word_1_175' title='bbox 178 2141 297 2223; x_wconf 80' lang='lat' dir='ltr'>itaque,</span> <span class='ocrx_word' id='word_1_176' title='bbox 316 2161 397 2222; x_wconf 88' lang='lat' dir='ltr'>quae</span> <span class='ocrx_word' id='word_1_177' title='bbox 414 2139 488 2203; x_wconf 89' lang='lat' dir='ltr'>huic</span> <span class='ocrx_word' id='word_1_178' title='bbox 505 2138 644 2217; x_wconf 85' lang='lat' dir='ltr'>volebat,</span> <span class='ocrx_word' id='word_1_179' title='bbox 665 2139 780 2224; x_wconf 82' lang='lat' dir='ltr'>scripta</span> <span class='ocrx_word' id='word_1_180' title='bbox 797 2140 932 2205; x_wconf 86' lang='lat' dir='ltr'>tradidit.</span> 
     </span>
    </p>

    <p class='ocr_par' dir='ltr' id='par_1_6' title="bbox 145 2231 1209 2697">
     <span class='ocr_line' id='line_1_22' title="bbox 145 2231 1209 2318; baseline -0.003 -16"><span class='ocrx_word' id='word_1_181' title='bbox 145 2258 158 2302; x_wconf 96' lang='lat'>1</span> <span class='ocrx_word' id='word_1_182' title='bbox 228 2232 287 2299; x_wconf 90' lang='lat' dir='ltr'>IV.</span> <span class='ocrx_word' id='word_1_183' title='bbox 316 2231 441 2315; x_wconf 78' lang='lat' dir='ltr'>Quibus</span> <span class='ocrx_word' id='word_1_184' title='bbox 460 2232 593 2318; x_wconf 86' lang='lat' dir='ltr'>cognitis</span> <span class='ocrx_word' id='word_1_185' title='bbox 610 2255 668 2296; x_wconf 87' lang='lat' dir='ltr'>rex</span> <span class='ocrx_word' id='word_1_186' title='bbox 680 2242 801 2298; x_wconf 88' lang='lat' dir='ltr'>tantum</span> <span class='ocrx_word' id='word_1_187' title='bbox 815 2234 998 2298; x_wconf 87' lang='lat' dir='ltr'>auctoritate</span> <span class='ocrx_word' id='word_1_188' title='bbox 1015 2233 1083 2297; x_wconf 88' lang='lat' dir='ltr'>eius</span> <span class='ocrx_word' id='word_1_189' title='bbox 1100 2242 1209 2299; x_wconf 89' lang='lat' dir='ltr'>motus</span> 
     </span>
     <span class='ocr_line' id='line_1_23' title="bbox 178 2326 1209 2413; baseline 0.002 -21"><span class='ocrx_word' id='word_1_190' title='bbox 178 2337 239 2406; x_wconf 91' lang='lat' dir='ltr'>est,</span> <span class='ocrx_word' id='word_1_191' title='bbox 262 2337 297 2391; x_wconf 92' lang='lat' dir='ltr'>ut</span> <span class='ocrx_word' id='word_1_192' title='bbox 320 2336 351 2392; x_wconf 89' lang='lat' dir='ltr'>et</span> <span class='ocrx_word' id='word_1_193' title='bbox 369 2326 615 2413; x_wconf 83' lang='lat' dir='ltr'>Tissaphernem</span> <span class='ocrx_word' id='word_1_194' title='bbox 635 2327 760 2393; x_wconf 90' lang='lat' dir='ltr'>hostem</span> <span class='ocrx_word' id='word_1_195' title='bbox 780 2328 924 2392; x_wconf 89' lang='lat' dir='ltr'>iudicarit</span> <span class='ocrx_word' id='word_1_196' title='bbox 942 2338 973 2393; x_wconf 89' lang='lat' dir='ltr'>et</span> <span class='ocrx_word' id='word_1_197' title='bbox 989 2327 1209 2394; x_wconf 88' lang='lat' dir='ltr'>Lacedaemo·</span> 
     </span>
     <span class='ocr_line' id='line_1_24' title="bbox 177 2420 1208 2508; baseline 0.001 -23"><span class='ocrx_word' id='word_1_198' title='bbox 177 2423 246 2486; x_wconf 89' lang='lat' dir='ltr'>nios</span> <span class='ocrx_word' id='word_1_199' title='bbox 264 2420 347 2487; x_wconf 88' lang='lat' dir='ltr'>bello</span> <span class='ocrx_word' id='word_1_200' title='bbox 364 2422 512 2507; x_wconf 88' lang='lat' dir='ltr'>persequi</span> <span class='ocrx_word' id='word_1_201' title='bbox 532 2421 659 2486; x_wconf 88' lang='lat' dir='ltr'>iusserit</span> <span class='ocrx_word' id='word_1_202' title='bbox 681 2431 713 2487; x_wconf 83' lang='lat' dir='ltr'>et</span> <span class='ocrx_word' id='word_1_203' title='bbox 730 2422 759 2486; x_wconf 92' lang='lat' dir='ltr'>ei</span> <span class='ocrx_word' id='word_1_204' title='bbox 776 2422 965 2508; x_wconf 89' lang='lat' dir='ltr'>permiserit,</span> <span class='ocrx_word' id='word_1_205' title='bbox 989 2444 1083 2506; x_wconf 92' lang='lat' dir='ltr'>quem</span> <span class='ocrx_word' id='word_1_206' title='bbox 1100 2421 1208 2501; x_wconf 87' lang='lat' dir='ltr'>vellet,</span> 
     </span>
     <span class='ocr_line' id='line_1_25' title="bbox 178 2514 1209 2626; baseline 0.002 -46"><span class='ocrx_word' id='word_1_207' title='bbox 178 2517 293 2602; x_wconf 86' lang='lat' dir='ltr'>eligere</span> <span class='ocrx_word' id='word_1_208' title='bbox 315 2517 356 2581; x_wconf 92' lang='lat' dir='ltr'>ad</span> <span class='ocrx_word' id='word_1_209' title='bbox 361 2517 621 2625; x_wconf 87' lang='lat' dir='ltr'>dispensandam</span> <span class='ocrx_word' id='word_1_210' title='bbox 642 2518 818 2626; x_wconf 82' lang='lat' dir='ltr'>pecuniam.</span> <span class='ocrx_word' id='word_1_211' title='bbox 853 2518 887 2581; x_wconf 91' lang='lat' dir='ltr'>id</span> <span class='ocrx_word' id='word_1_212' title='bbox 908 2516 1069 2582; x_wconf 89' lang='lat' dir='ltr'>arbitrium</span> <span class='ocrx_word' id='word_1_213' title='bbox 1092 2514 1209 2583; x_wconf 78' lang='lat' dir='ltr'>Conon</span> 
     </span>
     <span class='ocr_line' id='line_1_26' title="bbox 177 2610 1208 2721; baseline 0.002 -47"><span class='ocrx_word' id='word_1_214' title='bbox 177 2610 304 2696; x_wconf 84' lang='lat' dir='ltr'>negavit</span> <span class='ocrx_word' id='word_1_215' title='bbox 322 2611 371 2674; x_wconf 90' lang='lat' dir='ltr'>sui</span> <span class='ocrx_word' id='word_1_216' title='bbox 389 2633 459 2675; x_wconf 89' lang='lat' dir='ltr'>esse</span> <span class='ocrx_word' id='word_1_217' title='bbox 478 2611 608 2687; x_wconf 89' lang='lat' dir='ltr'>consilii,</span> <span class='ocrx_word' id='word_1_218' title='bbox 628 2611 705 2675; x_wconf 92' lang='lat' dir='ltr'>sed</span> <span class='ocrx_word' id='word_1_219' title='bbox 696 2612 805 2696; x_wconf 79' lang='lat' dir='ltr'>ipsius,</span> <span class='ocrx_word' id='word_1_220' title='bbox 825 2612 879 2695; x_wconf 93' lang='lat' dir='ltr'>qui</span> <span class='ocrx_word' id='word_1_221' title='bbox 892 2612 1008 2721; x_wconf 83' lang='lat' dir='ltr'>optime</span> <span class='ocrx_word' id='word_1_222' title='bbox 1022 2633 1096 2677; x_wconf 90' lang='lat' dir='ltr'>suos</span> <span class='ocrx_word' id='word_1_223' title='bbox 1109 2633 1208 2677; x_wconf 86' lang='lat' dir='ltr'>nosse</span> 
     </span>
    </p>

    <p class='ocr_par' dir='ltr' id='par_1_7' title="bbox 143 2704 1207 2885">
     <span class='ocr_line' id='line_1_27' title="bbox 143 2704 1207 2793; baseline -0.002 -22"><span class='ocrx_word' id='word_1_224' title='bbox 143 2705 318 2783; x_wconf 75' lang='lat' dir='ltr'>adeberet3</span> <span class='ocrx_word' id='word_1_225' title='bbox 337 2705 394 2769; x_wconf 91' lang='lat' dir='ltr'>sed</span> <span class='ocrx_word' id='word_1_226' title='bbox 407 2727 441 2768; x_wconf 90' lang='lat' dir='ltr'>se</span> <span class='ocrx_word' id='word_1_227' title='bbox 456 2705 596 2782; x_wconf 91' lang='lat' dir='ltr'>suadere,</span> <span class='ocrx_word' id='word_1_228' title='bbox 615 2704 823 2770; x_wconf 85' lang='lat' dir='ltr'>Pharnabazo</span> <span class='ocrx_word' id='word_1_229' title='bbox 836 2706 870 2770; x_wconf 93' lang='lat' dir='ltr'>id</span> <span class='ocrx_word' id='word_1_230' title='bbox 882 2705 999 2793; x_wconf 88' lang='lat' dir='ltr'>negotii</span> <span class='ocrx_word' id='word_1_231' title='bbox 1012 2706 1108 2770; x_wconf 75' lang='lat' dir='ltr'>daret</span> <span class='ocrx_word' id='word_1_232' title='bbox 1130 2705 1207 2770; x_wconf 87' lang='lat' dir='ltr'>hinc</span> 
     </span>
     <span class='ocr_line' id='line_1_28' title="bbox 177 2797 1206 2885; baseline 0.003 -23"><span class='ocrx_word' id='word_1_233' title='bbox 177 2799 299 2885; x_wconf 90' lang='lat' dir='ltr'>magnis</span> <span class='ocrx_word' id='word_1_234' title='bbox 314 2798 495 2863; x_wconf 90' lang='lat' dir='ltr'>muneribus</span> <span class='ocrx_word' id='word_1_235' title='bbox 508 2798 604 2864; x_wconf 88' lang='lat' dir='ltr'>donat</span> <span class='ocrx_word' id='word_1_236' title='bbox 591 2807 641 2864; x_wconf 89' lang='lat' dir='ltr'>tus</span> <span class='ocrx_word' id='word_1_237' title='bbox 660 2799 701 2864; x_wconf 90' lang='lat' dir='ltr'>ad</span> <span class='ocrx_word' id='word_1_238' title='bbox 714 2821 799 2864; x_wconf 90' lang='lat' dir='ltr'>mare</span> <span class='ocrx_word' id='word_1_239' title='bbox 818 2809 867 2865; x_wconf 88' lang='lat' dir='ltr'>est</span> <span class='ocrx_word' id='word_1_240' title='bbox 882 2801 1009 2877; x_wconf 90' lang='lat' dir='ltr'>missus,</span> <span class='ocrx_word' id='word_1_241' title='bbox 1027 2809 1062 2863; x_wconf 92' lang='lat' dir='ltr'>ut</span> <span class='ocrx_word' id='word_1_242' title='bbox 1076 2797 1206 2885; x_wconf 87' lang='lat' dir='ltr'>Cypriis</span> 
     </span>
    </p>

    <p class='ocr_par' dir='ltr' id='par_1_8' title="bbox 176 2892 1207 3167">
     <span class='ocr_line' id='line_1_29' title="bbox 177 2892 1207 2976; baseline 0.001 -19.049"><span class='ocrx_word' id='word_1_243' title='bbox 177 2892 436 2957; x_wconf 88' lang='lat' dir='ltr'>etPhoenicibus</span> <span class='ocrx_word' id='word_1_244' title='bbox 455 2893 627 2976; x_wconf 89' lang='lat' dir='ltr'>ceterisque</span> <span class='ocrx_word' id='word_1_245' title='bbox 644 2894 807 2967; x_wconf 86' lang='lat' dir='ltr'>maritimis</span> <span class='ocrx_word' id='word_1_246' title='bbox 826 2894 1003 2959; x_wconf 85' lang='lat' dir='ltr'>civitatibus</span> <span class='ocrx_word' id='word_1_247' title='bbox 1020 2915 1117 2958; x_wconf 88' lang='lat' dir='ltr'>naves</span> <span class='ocrx_word' id='word_1_248' title='bbox 1134 2893 1207 2959; x_wconf 92' lang='lat' dir='ltr'>lon-</span> 
     </span>
     <span class='ocr_line' id='line_1_30' title="bbox 176 2986 1207 3072; baseline 0.004 -23"><span class='ocrx_word' id='word_1_249' title='bbox 176 3008 234 3071; x_wconf 89' lang='lat' dir='ltr'>gas</span> <span class='ocrx_word' id='word_1_250' title='bbox 252 2986 404 3071; x_wconf 90' lang='lat' dir='ltr'>imperare</span> <span class='ocrx_word' id='word_1_251' title='bbox 406 2986 636 3069; x_wconf 91' lang='lat' dir='ltr'>tclassemque,</span> <span class='ocrx_word' id='word_1_252' title='bbox 656 3009 718 3070; x_wconf 92' lang='lat' dir='ltr'>qua</span> <span class='ocrx_word' id='word_1_253' title='bbox 734 2987 877 3072; x_wconf 91' lang='lat' dir='ltr'>proxima</span> <span class='ocrx_word' id='word_1_254' title='bbox 890 2996 1007 3052; x_wconf 89' lang='lat' dir='ltr'>aestate</span> <span class='ocrx_word' id='word_1_255' title='bbox 1024 3008 1111 3051; x_wconf 91' lang='lat' dir='ltr'>mare</span> <span class='ocrx_word' id='word_1_256' title='bbox 1124 2988 1207 3053; x_wconf 87' lang='lat' dir='ltr'>tueri</span> 
     </span>
     <span class='ocr_line' id='line_1_31' title="bbox 177 3080 1207 3167; baseline 0.001 -23"><span class='ocrx_word' id='word_1_257' title='bbox 177 3088 298 3167; x_wconf 83' lang='lat' dir='ltr'>posset,</span> <span class='ocrx_word' id='word_1_258' title='bbox 318 3088 526 3164; x_wconf 87' lang='lat' dir='ltr'>compararet,</span> <span class='ocrx_word' id='word_1_259' title='bbox 545 3080 618 3143; x_wconf 90' lang='lat' dir='ltr'>dato</span> <span class='ocrx_word' id='word_1_260' title='bbox 637 3081 778 3145; x_wconf 88' lang='lat' dir='ltr'>adiutore</span> <span class='ocrx_word' id='word_1_261' title='bbox 795 3080 1016 3159; x_wconf 88' lang='lat' dir='ltr'>Pharnabazo,</span> <span class='ocrx_word' id='word_1_262' title='bbox 1036 3080 1207 3165; x_wconf 87' lang='lat' dir='ltr'>sicutipse</span> 
     </span>
    </p>
   </div>
   <div class='ocr_carea' id='block_1_4' title="bbox 25 3173 1207 3252">
    <p class='ocr_par' dir='ltr' id='par_1_9' title="bbox 25 3173 1207 3252">
     <span class='ocr_line' id='line_1_32' title="bbox 25 3173 1207 3252; baseline 0.001 -13"><span class='ocrx_word' id='word_1_263' title='bbox 25 3216 28 3221; x_wconf 94' lang='lat'>-</span> <span class='ocrx_word' id='word_1_264' title='bbox 142 3194 157 3239; x_wconf 84' lang='lat'><strong>3</strong></span> <span class='ocrx_word' id='word_1_265' title='bbox 176 3174 326 3239; x_wconf 89' lang='lat' dir='ltr'>voluerat.</span> <span class='ocrx_word' id='word_1_266' title='bbox 361 3173 395 3237; x_wconf 92' lang='lat' dir='ltr'>id</span> <span class='ocrx_word' id='word_1_267' title='bbox 416 3182 452 3237; x_wconf 91' lang='lat' dir='ltr'>ut</span> <span class='ocrx_word' id='word_1_268' title='bbox 472 3173 735 3239; x_wconf 87' lang='lat' dir='ltr'>Lacedaemoniis</span> <span class='ocrx_word' id='word_1_269' title='bbox 759 3184 807 3239; x_wconf 90' lang='lat' dir='ltr'>est</span> <span class='ocrx_word' id='word_1_270' title='bbox 831 3176 1022 3252; x_wconf 90' lang='lat' dir='ltr'>nuntiatum,</span> <span class='ocrx_word' id='word_1_271' title='bbox 1048 3196 1113 3245; x_wconf 90' lang='lat' dir='ltr'>non</span> <span class='ocrx_word' id='word_1_272' title='bbox 1135 3174 1207 3240; x_wconf 88' lang='lat' dir='ltr'>sine</span> 
     </span>
    </p>
   </div>
   <div class='ocr_carea' id='block_1_5' title="bbox 139 3267 1272 4131">
    <p class='ocr_par' dir='ltr' id='par_1_10' title="bbox 139 3267 1272 4131">
     <span class='ocr_line' id='line_1_33' title="bbox 176 3267 1207 3353; baseline 0.001 -21"><span class='ocrx_word' id='word_1_273' title='bbox 176 3291 338 3333; x_wconf 89' lang='lat' dir='ltr'>curarem</span> <span class='ocrx_word' id='word_1_274' title='bbox 351 3267 583 3346; x_wconf 88' lang='lat' dir='ltr'>administrant,</span> <span class='ocrx_word' id='word_1_275' title='bbox 606 3267 691 3353; x_wconf 89' lang='lat' dir='ltr'>quod</span> <span class='ocrx_word' id='word_1_276' title='bbox 711 3269 813 3334; x_wconf 85' lang='lat' dir='ltr'>maius</span> <span class='ocrx_word' id='word_1_277' title='bbox 835 3269 952 3334; x_wconf 90' lang='lat' dir='ltr'>bellum</span> <span class='ocrx_word' id='word_1_278' title='bbox 973 3268 1136 3333; x_wconf 88' lang='lat' dir='ltr'>imminere</span> <span class='ocrx_word' id='word_1_279' title='bbox 1155 3292 1207 3333; x_wconf 87' lang='lat' dir='ltr'>ar-</span> 
     </span>
     <span class='ocr_line' id='line_1_34' title="bbox 175 3360 1206 3445; baseline 0.002 -20"><span class='ocrx_word' id='word_1_280' title='bbox 175 3360 382 3440; x_wconf 86' lang='lat' dir='ltr'>bitrabantur,</span> <span class='ocrx_word' id='word_1_281' title='bbox 409 3383 504 3445; x_wconf 91' lang='lat' dir='ltr'>quam</span> <span class='ocrx_word' id='word_1_282' title='bbox 531 3362 559 3427; x_wconf 90' lang='lat' dir='ltr'>si</span> <span class='ocrx_word' id='word_1_283' title='bbox 585 3383 657 3426; x_wconf 94' lang='lat' dir='ltr'>cum</span> <span class='ocrx_word' id='word_1_284' title='bbox 682 3362 815 3431; x_wconf 87' lang='lat' dir='ltr'>barbaro</span> <span class='ocrx_word' id='word_1_285' title='bbox 843 3363 944 3427; x_wconf 92' lang='lat' dir='ltr'>solum</span> <span class='ocrx_word' id='word_1_286' title='bbox 970 3361 1206 3428; x_wconf 81' lang='lat' dir='ltr'>contenderent.</span> 
     </span>
     <span class='ocr_line' id='line_1_35' title="bbox 174 3453 1207 3543; baseline 0.001 -25"><span class='ocrx_word' id='word_1_287' title='bbox 174 3477 248 3518; x_wconf 91' lang='lat' dir='ltr'>nam</span> <span class='ocrx_word' id='word_1_288' title='bbox 270 3455 382 3520; x_wconf 91' lang='lat' dir='ltr'>ducem</span> <span class='ocrx_word' id='word_1_289' title='bbox 403 3455 530 3533; x_wconf 87' lang='lat' dir='ltr'>fortem,</span> <span class='ocrx_word' id='word_1_290' title='bbox 556 3453 615 3542; x_wconf 90' lang='lat' dir='ltr'>[et]</span> <span class='ocrx_word' id='word_1_291' title='bbox 638 3456 823 3542; x_wconf 90' lang='lat' dir='ltr'>prudentem</span> <span class='ocrx_word' id='word_1_292' title='bbox 839 3457 924 3543; x_wconf 91' lang='lat' dir='ltr'>regis</span> <span class='ocrx_word' id='word_1_293' title='bbox 947 3455 1059 3542; x_wconf 91' lang='lat' dir='ltr'>opibus</span> <span class='ocrx_word' id='word_1_294' title='bbox 1076 3456 1207 3540; x_wconf 81' lang='lat' dir='ltr'>praefu-</span> 
     </span>
     <span class='ocr_line' id='line_1_36' title="bbox 175 3543 1205 3634; baseline 0.003 -23"><span class='ocrx_word' id='word_1_295' title='bbox 175 3558 280 3612; x_wconf 88' lang='lat' dir='ltr'>turum</span> <span class='ocrx_word' id='word_1_296' title='bbox 298 3570 335 3612; x_wconf 89' lang='lat' dir='ltr'>ac</span> <span class='ocrx_word' id='word_1_297' title='bbox 353 3571 461 3614; x_wconf 90' lang='lat' dir='ltr'>secum</span> <span class='ocrx_word' id='word_1_298' title='bbox 478 3550 698 3623; x_wconf 85' lang='lat' dir='ltr'>dimicaturum</span> <span class='ocrx_word' id='word_1_299' title='bbox 714 3549 876 3628; x_wconf 87' lang='lat' dir='ltr'>videbant,</span> <span class='ocrx_word' id='word_1_300' title='bbox 895 3573 990 3634; x_wconf 91' lang='lat' dir='ltr'>quem</span> <span class='ocrx_word' id='word_1_301' title='bbox 1006 3543 1109 3633; x_wconf 85' lang='lat' dir='ltr'>neque</span> <span class='ocrx_word' id='word_1_302' title='bbox 1127 3570 1205 3614; x_wconf 90' lang='lat' dir='ltr'>con-</span> 
     </span>
     <span class='ocr_line' id='line_1_37' title="bbox 139 3642 1205 3730; baseline -0.003 -21"><span class='ocrx_word' id='word_1_303' title='bbox 139 3664 157 3709; x_wconf 81' lang='lat'>4</span> <span class='ocrx_word' id='word_1_304' title='bbox 176 3642 245 3708; x_wconf 90' lang='lat' dir='ltr'>silio</span> <span class='ocrx_word' id='word_1_305' title='bbox 267 3663 369 3725; x_wconf 89' lang='lat' dir='ltr'>neque</span> <span class='ocrx_word' id='word_1_306' title='bbox 392 3644 489 3728; x_wconf 89' lang='lat' dir='ltr'>copiis</span> <span class='ocrx_word' id='word_1_307' title='bbox 513 3665 660 3730; x_wconf 91' lang='lat' dir='ltr'>superare</span> <span class='ocrx_word' id='word_1_308' title='bbox 682 3654 820 3729; x_wconf 84' lang='lat' dir='ltr'>possent.</span> <span class='ocrx_word' id='word_1_309' title='bbox 846 3644 906 3708; x_wconf 90' lang='lat' dir='ltr'>hac</span> <span class='ocrx_word' id='word_1_310' title='bbox 928 3652 1032 3707; x_wconf 89' lang='lat' dir='ltr'>mente</span> <span class='ocrx_word' id='word_1_311' title='bbox 1053 3664 1205 3728; x_wconf 87' lang='lat' dir='ltr'>magnam</span> 
     </span>
     <span class='ocr_line' id='line_1_38' title="bbox 173 3734 1206 3824; baseline -0.001 -23"><span class='ocrx_word' id='word_1_312' title='bbox 173 3735 359 3801; x_wconf 87' lang='lat' dir='ltr'>contrahunt</span> <span class='ocrx_word' id='word_1_313' title='bbox 372 3736 519 3815; x_wconf 81' lang='lat' dir='ltr'>classem3</span> <span class='ocrx_word' id='word_1_314' title='bbox 532 3737 771 3824; x_wconf 86' lang='lat' dir='ltr'>proficiscuntur</span> <span class='ocrx_word' id='word_1_315' title='bbox 783 3737 938 3803; x_wconf 89' lang='lat' dir='ltr'>Pisandro</span> <span class='ocrx_word' id='word_1_316' title='bbox 951 3737 1041 3801; x_wconf 89' lang='lat' dir='ltr'>duce.</span> <span class='ocrx_word' id='word_1_317' title='bbox 1067 3735 1127 3800; x_wconf 90' lang='lat' dir='ltr'>hos</span> <span class='ocrx_word' id='word_1_318' title='bbox 1138 3734 1206 3801; x_wconf 85' lang='lat' dir='ltr'>Co-</span> 
     </span>
     <span class='ocr_line' id='line_1_39' title="bbox 173 3826 1204 3918; baseline 0.001 -24"><span class='ocrx_word' id='word_1_319' title='bbox 173 3853 237 3896; x_wconf 91' lang='lat' dir='ltr'>non</span> <span class='ocrx_word' id='word_1_320' title='bbox 258 3830 343 3918; x_wconf 90' lang='lat' dir='ltr'>apud</span> <span class='ocrx_word' id='word_1_321' title='bbox 366 3827 504 3894; x_wconf 87' lang='lat' dir='ltr'>Cnidum</span> <span class='ocrx_word' id='word_1_322' title='bbox 526 3832 653 3896; x_wconf 90' lang='lat' dir='ltr'>adortus</span> <span class='ocrx_word' id='word_1_323' title='bbox 675 3853 791 3918; x_wconf 89' lang='lat' dir='ltr'>magno</span> <span class='ocrx_word' id='word_1_324' title='bbox 812 3831 930 3917; x_wconf 92' lang='lat' dir='ltr'>proelio</span> <span class='ocrx_word' id='word_1_325' title='bbox 952 3826 1057 3917; x_wconf 83' lang='lat' dir='ltr'>fugat,</span> <span class='ocrx_word' id='word_1_326' title='bbox 1084 3828 1204 3895; x_wconf 87' lang='lat' dir='ltr'>multas</span> 
     </span>
     <span class='ocr_line' id='line_1_40' title="bbox 173 3922 1204 4012; baseline 0.001 -24"><span class='ocrx_word' id='word_1_327' title='bbox 173 3947 270 3989; x_wconf 86' lang='lat' dir='ltr'>naves</span> <span class='ocrx_word' id='word_1_328' title='bbox 289 3924 386 4011; x_wconf 89' lang='lat' dir='ltr'>capit,</span> <span class='ocrx_word' id='word_1_329' title='bbox 409 3924 585 4008; x_wconf 87' lang='lat' dir='ltr'>complures</span> <span class='ocrx_word' id='word_1_330' title='bbox 608 3926 762 4012; x_wconf 89' lang='lat' dir='ltr'>deprimit.</span> <span class='ocrx_word' id='word_1_331' title='bbox 790 3940 853 4009; x_wconf 88' lang='lat' dir='ltr'>qua</span> <span class='ocrx_word' id='word_1_332' title='bbox 869 3925 1000 3991; x_wconf 86' lang='lat' dir='ltr'>victoria</span> <span class='ocrx_word' id='word_1_333' title='bbox 1015 3946 1080 3989; x_wconf 92' lang='lat' dir='ltr'>non</span> <span class='ocrx_word' id='word_1_334' title='bbox 1097 3922 1204 3989; x_wconf 89' lang='lat' dir='ltr'>solum</span> 
     </span>
     <span class='ocr_line' id='line_1_41' title="bbox 172 4016 1272 4131; baseline 0 -48"><span class='ocrx_word' id='word_1_335' title='bbox 172 4017 333 4098; x_wconf 89' lang='lat' dir='ltr'>Athenae,</span> <span class='ocrx_word' id='word_1_336' title='bbox 357 4018 413 4084; x_wconf 89' lang='lat' dir='ltr'>sed</span> <span class='ocrx_word' id='word_1_337' title='bbox 437 4018 529 4084; x_wconf 89' lang='lat' dir='ltr'>etiam</span> <span class='ocrx_word' id='word_1_338' title='bbox 552 4029 663 4087; x_wconf 84' lang='lat' dir='ltr'>cuncta</span> <span class='ocrx_word' id='word_1_339' title='bbox 683 4017 831 4097; x_wconf 86' lang='lat' dir='ltr'>Graecia,</span> <span class='ocrx_word' id='word_1_340' title='bbox 854 4041 935 4103; x_wconf 88' lang='lat' dir='ltr'>quae</span> <span class='ocrx_word' id='word_1_341' title='bbox 958 4017 1017 4085; x_wconf 88' lang='lat' dir='ltr'>sub</span> <span class='ocrx_word' id='word_1_342' title='bbox 1035 4016 1204 4083; x_wconf 87' lang='lat' dir='ltr'>Lacedae·</span> <span class='ocrx_word' id='word_1_343' title='bbox 1269 4106 1272 4131; x_wconf 49' lang='grc' dir='ltr'>Ι</span> 
     </span>
    </p>
   </div>
   <div class='ocr_carea' id='block_1_6' title="bbox 0 0 1286 4410">
    <p class='ocr_par' dir='ltr' id='par_1_11' title="bbox 0 0 1286 4410">
     <span class='ocr_line' id='line_1_42' title="bbox 0 0 1286 4410; baseline 0 3"><span class='ocrx_word' id='word_1_344' title='bbox 0 0 1286 4410; x_wconf 95' lang='lat' dir='ltr'> </span> 
     </span>
    </p>
   </div>
  </div>
 </body>
</html>
