2564 4410
528 216 723 275 DATAMES.
872 249 875 252 >
1095 209 1138 275 45

111 337 282 402 exercitum
300 334 413 412 educit,
427 333 702 400 Metrobarzanem
719 334 917 418 persequitur
929 343 1064 413 tautum3
1083 337 1138 420 qui

110 453 183 494 cum
205 430 246 494 ad
267 429 374 494 hostes
402 438 599 514 pervenerat,
621 428 775 492 Datames
799 429 891 514 signa
911 427 1019 493 inferri
1040 429 1135 495 iubet.

109 522 238 588 Pisidae
255 544 339 587 nova
354 543 389 586 re
402 520 549 586 commoti
565 520 599 584 in
611 520 790 605 opinionem
807 522 1012 600 adducuntur,
1031 522 1137 607 perfu·
1157 547 1171 592 a

110 641 168 703 gas
187 615 349 682 malafide
370 615 606 701 compositoque
623 615 748 692 fecisse,
771 624 806 679 ut
823 616 940 700 recepti
960 615 1070 681 maiori
1088 639 1137 681 es·
1215 682 1217 686 .
1253 629 1264 643 ·’

110 721 181 776 seut
208 708 385 775 calamitati.
421 709 557 795 primum
579 731 633 774 eos
656 708 846 773 adoriuntur.
882 709 928 773 illi
946 731 1031 786 curn,
1059 711 1136 793 quid
1163 746 1165 751 η

71 828 73 831 ·
110 813 255 890 ageretur
272 814 326 868 aut
343 825 439 887 quare
456 804 557 881 fieret,
576 805 769 890 ignorarent,
792 804 891 868 coacti
910 813 983 868 sunt
1001 826 1071 868 cum
1091 805 1136 870 eis

109 919 266 984 pugnare,
289 897 330 962 ad
348 918 427 980 quos
446 897 645 975 transierant,
670 896 710 962 ab
728 897 830 980 iisque
849 907 945 974 stare,
969 919 1048 981 quos
1065 899 1137 963 reli-

109 1000 249 1075 querant
277 990 392 1074 quibus
411 1011 484 1054 cum
500 991 603 1054 neutri
619 1001 795 1074 parcerent,
815 990 955 1055 celeriter
973 1000 1046 1055 sunt
1063 1014 1137 1056 con-

110 1085 176 1149 cisi.
203 1084 339 1168 reliquos
357 1083 483 1148 Pisidas
505 1084 684 1148 resistentes
703 1083 857 1148 Datames
879 1085 1011 1162 invadit,
1035 1086 1170 1170 primur
1237 1114 1239 1119 ⁴

108 1179 229 1264 impetu
245 1178 346 1263 pellit,
369 1179 527 1264 fugientes
545 1177 754 1263 persequitur,
773 1177 888 1242 multos
905 1178 1063 1254 interficit,
1087 1201 1138 1243 ca·

110 1280 175 1336 stra
192 1271 330 1336 hostium
348 1273 440 1358 capit.
468 1272 524 1336 tali
541 1271 671 1336 consilio
685 1293 748 1336 uno
766 1281 905 1355 tempore
918 1282 949 1335 et
962 1272 1135 1356 proditores
1155 1296 1170 1340 s

109 1365 241 1450 perculit
259 1376 290 1430 et
307 1366 413 1430 hostes
431 1366 618 1452 profligavit,
638 1375 678 1443 et,
697 1361 783 1448 quod
801 1366 842 1430 ad
858 1365 1028 1450 perniciem
1047 1387 1137 1429 suam

109 1459 213 1524 fuerat
231 1460 411 1545 cogitatum,
431 1460 465 1524 id
478 1460 519 1524 ad
537 1459 669 1524 salutem
688 1460 848 1523 convertit.
871 1481 934 1542 quo
947 1481 1049 1543 neque
1063 1481 1137 1524 acu-

108 1553 172 1617 tius
195 1553 289 1616 ullius
315 1552 511 1638 imperatoris
539 1553 710 1638 cogitatum
735 1558 836 1636 neque
859 1553 990 1618 celerius
1017 1553 1136 1618 factum

44 1684 46 1689 ·
110 1668 245 1729 usquam
261 1645 406 1731 legimus.

161 1739 237 1802 VH.
265 1737 319 1804 Ab
336 1739 398 1804 hoc
416 1750 521 1804 tamen
538 1739 605 1804 viro
626 1737 773 1824 Sysinas,
792 1740 929 1804 maximo
947 1751 1024 1805 natu
1041 1740 1133 1818 filius,
1156 1758 1165 1802 1
1251 1778 1255 1783 -

109 1832 220 1896 desciit
237 1833 278 1897 ad
295 1855 464 1918 regemque
473 1833 595 1898 transiit
613 1834 692 1897 etde
706 1831 881 1897 defectione
898 1833 995 1918 patris
1014 1835 1135 1898 detulit.

109 1947 172 2009 quo
189 1926 299 1991 nuntio
320 1926 515 1992 Artaxerxes
539 1935 728 2003 commotus,
752 1925 837 2009 quod
858 1924 1053 2012 intelligebat
1076 1925 1136 1991 sibi
1181 2011 1184 2015 g

110 2040 183 2083 cum
200 2019 267 2084 viro
290 2019 364 2085 forti
385 2043 423 2085 ac
441 2033 569 2085 strenuo
585 2022 749 2107 negotium
766 2041 847 2097 esse,
871 2020 934 2103 qui,
959 2042 1031 2084 cum
1050 2022 1136 2107 cogi-

108 2122 220 2190 tasset,
244 2114 348 2178 facere
366 2114 494 2180 auderet
512 2123 543 2180 et
559 2115 647 2200 prius
666 2114 804 2200 cogitare
821 2135 916 2197 quarn
935 2114 1040 2178 conari
1062 2136 1136 2178 con-

109 2219 245 2284 suesset,
268 2207 541 2294 Autophradatem
561 2209 596 2272 iu
619 2207 854 2294 Cappadociam
880 2209 982 2273 mittit.
1018 2209 1070 2273 hic
1095 2223 1169 2274 nea
1210 2218 1214 2225 ’

107 2300 222 2365 intrare
244 2312 365 2386 posset,
389 2302 516 2379 saltum,
539 2302 652 2385 inquo
672 2301 802 2367 Ciliciae
824 2313 932 2387 portae
956 2311 1029 2366 sunt
1047 2303 1134 2379 sitae,
1251 2310 1254 2315 '

108 2391 262 2463 Datames
274 2416 504 2481 praeoccupare
519 2397 646 2460 studuit.
675 2396 731 2459 sed
744 2406 809 2459 tam
824 2394 927 2460 subito
942 2394 1047 2480 copias
1062 2416 1136 2459 con·
1154 2409 1169 2455 3

108 2487 230 2552 trahere
248 2511 311 2553 non
323 2489 433 2574 potuit.
462 2511 603 2572 aquare
617 2488 766 2573 depulsus
781 2510 852 2552 cum
866 2510 903 2552 ea
916 2511 1020 2565 manu,
1040 2510 1134 2572 quarn

109 2591 313 2661 contraxerat,
332 2584 437 2648 locum
451 2583 560 2670 deligit
578 2583 682 2660 talem,
701 2593 737 2647 ut
749 2605 850 2666 neque
869 2582 1082 2647 circumiretur
1095 2583 1135 2648 ab
1194 2632 1196 2636 -

107 2674 266 2754 hostibus,
289 2679 391 2761 neque
412 2679 594 2763 praeteriret
616 2677 929 2760 adversariusquin
946 2676 1134 2760 ancipitibus

107 2768 185 2833 locis
203 2781 403 2854 premeretur,
423 2780 463 2849 et,
482 2771 509 2836 si
527 2771 675 2835 dimicare
690 2768 790 2856 [cum]
807 2791 843 2834 eo
856 2770 959 2845 uellet,
979 2792 1042 2834 non
1056 2771 1136 2834 mul-

108 2871 175 2925 tum
194 2863 306 2928 obesse
324 2864 491 2929 multitudo
509 2864 647 2928 hostium
666 2886 742 2928 suae
758 2863 909 2948 paucitati
926 2873 1043 2949 posset.
1246 2920 1252 2933 ,

161 2953 255 3020 VIH.
282 2955 374 3022 Haec
391 2959 452 3023 etsi
468 2958 724 3042 Autophrodates
742 2956 879 3035 videbat,
902 2967 1007 3021 tamen
1026 2958 1134 3022 statuit
1155 2971 1166 3017 1

107 3049 259 3134 congredi
272 3072 367 3133 quam
381 3074 453 3116 cum
471 3053 566 3115 tantis
580 3052 678 3137 copiis
696 3050 840 3136 refugere
854 3059 909 3115 aut
926 3051 1058 3115 tamdiu
1071 3072 1134 3115 uno

107 3139 177 3206 loco
200 3143 317 3208 sedere.
349 3143 486 3210 habebat
507 3144 711 3213 barbarorum
733 3145 873 3228 equitum
894 3145 1020 3230 viginti,
1046 3144 1135 3230 pedi·
1154 3157 1168 3203 2

108 3246 175 3299 tum
193 3247 319 3302 centum
337 3239 432 3316 milia,
451 3261 531 3323 quos
549 3240 594 3303 illi
614 3236 772 3303 Cardacas
792 3237 958 3324 appellant,
979 3238 1134 3302 eiusdem-

107 3349 169 3411 que
190 3331 314 3415 generis
337 3331 397 3396 tria
416 3330 531 3418 [milia]
550 3333 744 3397 funditorum
750 3357 759 3411 ;
786 3340 949 3418 praeterea
967 3329 1134 3417 Cappado-

108 3443 181 3486 cum
198 3433 268 3488 ooto
288 3422 414 3510 [milia],
433 3424 657 3490 Armeniorum
679 3426 789 3489 decem
808 3422 934 3511 [milia],
953 3424 1134 3512 Paphlago·
1199 3416 1206 3423 ’

107 3512 186 3578 rium
202 3517 339 3601 quinque
358 3515 488 3604 [milia],
507 3519 673 3606 Phrygum
691 3519 800 3584 decern
820 3516 949 3605 [milia],
968 3520 1133 3602 Lydorum

107 3609 245 3694 quinque
269 3612 399 3699 [milia],
424 3611 660 3698 Aspendiorum
683 3622 713 3677 at
729 3612 909 3677 Pisidarum
932 3612 1053 3677 circiter
1075 3613 1134 3676 tria
1226 3626 1246 3667 Ν

108 3700 239 3788 [milia],
260 3704 395 3769 Cilicum
418 3707 495 3784 duo,
520 3705 746 3792 Captianorum
769 3706 912 3783 totidem,
936 3728 976 3771 ex
999 3702 1134 3770 Graecia
1238 3782 1240 3785 Ι

107 3795 332 3862 conductorum
354 3799 426 3877 tria,
453 3799 532 3864 levis
559 3805 733 3864 armaturae
748 3799 932 3863 'maximum
957 3819 1131 3861 numerum.

106 3888 164 3954 has
183 3889 336 3957 adversus
354 3893 460 3979 copias
480 3916 552 3980 spes
571 3893 672 3958 omnis
691 3892 883 3958 consistebat
899 3890 1030 3956 Datami
1047 3891 1080 3955 in
1098 3914 1132 3956 se
1152 3914 1166 3960 a
1202 3893 1207 3902 ’

106 3980 229 4066 locique
248 3993 372 4052 natura:
391 4008 526 4072 namque
544 3987 638 4052 huius
656 3995 779 4072 partem
796 4008 860 4050 non
872 3983 1141 4050 habebatuicesi·
