2564 4410
538 264 754 322 LYSANDER.
1114 257 1155 320 19

133 383 275 449 mularet.
301 403 437 465 namque
458 380 610 464 undique,
638 380 692 463 qni
709 378 951 446 Atheniensium
970 380 1066 448 rebus
1089 392 1189 453 stu-5

135 478 290 553 duissent,
313 475 419 539 eiectis
446 475 555 538 decem
576 472 735 560 delegerat
755 473 789 537 in
810 497 997 559 unaquaque
1020 475 1154 555 civitate,

134 571 248 654 quibus
267 591 425 634 summum
446 567 612 654 imperium
628 576 877 653 potestatemque
895 569 1034 633 omnium
1051 591 1156 636 rerum

132 664 350 731 committeret
375 661 489 751 horum
505 661 539 726 in
554 682 720 727 numerum
736 683 829 726 nemo
847 661 1076 741 admittebatur,
1094 664 1156 728 nisi

134 758 190 841 qui
207 767 262 821 aut
284 755 351 819 eius
374 754 509 840 hospitio
532 755 740 819 contineretur
766 763 820 819 aut
842 778 876 820 se
897 756 980 820 illins
998 754 1066 820 fore
1083 778 1155 842 pro-

133 848 316 937 prium-fide
334 847 539 912 confirmarat.

92 996 95 1001 .
186 941 232 1006 11.
266 940 316 1005 Ita
333 937 532 1005 decemvirali
548 948 702 1026 potestate
720 940 753 1004 in
770 939 916 1006 omnibus
933 940 1064 1007 urbibus
1082 965 1156 1007 con·
1175 965 1188 1010 1

137 1035 244 1100 stituta
259 1034 359 1119 ipsius
377 1042 456 1097 nutu
469 1033 574 1097 emnia
591 1033 787 1119 gerebantur.
815 1034 903 1099 cuius
918 1034 958 1099 de
974 1035 1156 1100 crudelitate

136 1150 174 1192 ac
189 1127 320 1213 perfidia
337 1127 413 1191 satis
428 1134 584 1190 estunam
600 1149 667 1190 rem
681 1126 815 1211 exempli
832 1128 933 1213 gratia
949 1128 1097 1213 proferre,
1116 1151 1156 1193 ne

136 1223 175 1287 de
194 1222 306 1286 eodem
323 1220 413 1305 plura
431 1220 641 1284 enumerando
658 1219 867 1306 defatigemus
885 1220 1025 1285 lectores.
1057 1221 1155 1287 victor
1173 1243 1188 1289 2

136 1337 176 1380 ex
188 1313 269 1379 Asia
286 1337 358 1378 cum
374 1322 579 1379 reverteretur
591 1313 795 1397 Thasumque
813 1314 999 1392 divertisset,
1018 1314 1103 1398 quod
1120 1336 1158 1378 ea
1187 1349 1190 1357 ·

136 1408 245 1472 civitas
263 1407 431 1493 praecipua
447 1407 510 1471 fide
526 1406 629 1471 fuerat
646 1429 721 1493 erga
733 1405 955 1486 Athenienses,
973 1408 1103 1494 proinde
1120 1413 1158 1472 ac

137 1502 165 1566 si
188 1498 279 1588 [non]
303 1502 399 1565 iidem
424 1500 595 1564 firmissimi
617 1500 753 1565 solerent
774 1522 845 1566 esse
871 1501 976 1578 amici,
1004 1501 1058 1585 qui
1084 1523 1158 1566 oon-

105 1620 108 1629 ·
138 1603 256 1668 stantes
273 1593 409 1658 fuissent
429 1592 557 1668 inimici,
575 1603 751 1676 pervertere
773 1616 843 1659 eam
865 1593 1052 1680 concupivit.
1081 1595 1158 1659 vidit
1177 1615 1191 1661 3

136 1698 251 1763 autem,
266 1687 327 1750 nisi
335 1687 369 1749 in
378 1707 415 1750 eo
429 1684 616 1750 occultasset
624 1685 826 1764 voluntatem,
840 1686 989 1764 futurum,
1003 1698 1039 1752 ut
1048 1688 1158 1753 Thasii

137 1780 348 1846 dilaberentur
365 1778 622 1862 consulerentque
638 1778 733 1861 rebus
752 1780 827 1844 suis.
853 1780 958 1862 itaque
976 1779 1017 1814 *⁴*

187 1874 249 1938 III.
286 1872 326 1906 ³³*
343 1873 376 1937 hi
393 1873 631 1938 decemviralem
649 1897 739 1939 suam
755 1882 943 1960 potestatem
960 1873 1000 1939 ab
1018 1874 1071 1938 illo
1086 1897 1158 1939 con·
1178 1897 1190 1942 1

138 1967 278 2038 stitutam
297 1966 496 2032 sustulerunt.
524 1988 586 2051 quo
600 1967 706 2032 dolore
723 1967 871 2032 incensus
885 1967 953 2032 iniit
967 1967 1098 2034 consilia
1110 1991 1159 2032 re-

136 2083 194 2148 ges
212 2061 535 2126 Lacedaemoniorum
558 2061 674 2126 tollere.
706 2061 763 2126 sed
785 2060 951 2139 sentiebat,
978 2061 1013 2126 id
1034 2084 1069 2127 se
1092 2062 1159 2126 sine

138 2176 198 2239 ope
215 2155 345 2220 deorum¹
362 2155 466 2220 facere
483 2178 547 2219 non
564 2177 672 2240 posse,
691 2155 776 2240 quod
791 2154 1037 2220 Lacedaemonii
1055 2157 1159 2220 omnia

138 2248 180 2311 ad
202 2248 326 2313 oracula
346 2249 463 2314 referre
485 2259 680 2315 consuerant.
714 2249 852 2335 primum
872 2248 1065 2334 Delphicum
1091 2269 1191 2315 cor-2

137 2366 281 2429 rumpere
308 2354 356 2409 est
382 2354 522 2409 conatus.
559 2367 631 2408 cum
652 2344 686 2408 id
710 2344 966 2430 non-potuisset,
989 2344 1160 2421 Dodonam

138 2433 265 2503 adortus
287 2447 344 2501 est.
376 2437 449 2500 hinc
471 2457 595 2519 quoqne
615 2436 760 2522 repulsus
782 2437 874 2514 dixit,
903 2458 936 2501 se
958 2445 1032 2501 vota
1054 2457 1161 2500 susce-

137 2530 237 2617 pisse,
261 2551 341 2613 quae
359 2529 430 2594 Iovi
446 2529 619 2594 Hammoni
641 2529 788 2607 solveret,
807 2529 989 2594 existimans
1009 2550 1043 2594 se
1060 2528 1159 2593 Afros

137 2622 262 2688 facilius
276 2632 501 2708 corrupturum.
528 2622 587 2711 hac
601 2644 656 2708 spe
672 2645 743 2686 cum
760 2622 920 2708 profectus
930 2632 1013 2687 esset
1026 2622 1060 2686 in
1071 2621 1160 2686 Afri·
1177 2643 1192 2688 3

137 2735 223 2793 cam,
246 2715 378 2780 multum
401 2738 473 2781 eum
495 2717 648 2781 antistites
670 2715 756 2781 Iovis
778 2715 966 2781 fefellerunt.
1000 2739 1075 2781 nam
1095 2737 1160 2780 non
1179 2721 1196 2799 J

139 2809 243 2876 solum
260 2810 416 2895 corrumpi
437 2833 500 2874 non
520 2820 701 2896 potuerunt,
726 2811 782 2875 sed
804 2810 1040 2896 etiamlegatos
1057 2810 1160 2874 Lace-

139 2905 325 2970 daemonem
350 2905 515 2983 miserunt,
542 2905 596 2993 qui
622 2904 829 2989 Lysandrum,
851 2913 1047 2982 accusarent,
1075 2904 1161 2989 quod

139 2999 316 3064 sacerdotes
339 2997 405 3062 fani
427 3019 623 3083 eorrumpere
642 3007 771 3063 conatus
789 3007 882 3064 esset.
913 3007 1078 3063 accusatus
1092 2998 1160 3062 hoc
1177 3016 1194 3062 4

138 3090 267 3157 crimine
279 3090 480 3174 iudicumque
494 3091 655 3165 absolutus
670 3084 840 3169 sententiis,
851 3089 1072 3158 Orchomeniis
1085 3092 1161 3154 mis·
1204 3140 1210 3163 ,

139 3207 194 3249 sus
226 3182 367 3256 subsidio
397 3184 520 3251 occisus
552 3193 601 3249 est
627 3207 646 3248 a
672 3182 833 3250 Thebanis
860 3185 945 3269 apud
971 3184 1158 3249 Haliartum.

138 3300 234 3361 quam
252 3300 325 3343 vere
342 3279 382 3342 de
400 3300 437 3342 eo
450 3278 531 3342 foret
547 3277 728 3356 iudicatum,
746 3279 845 3343 oratio
858 3278 972 3342 indicio
991 3277 1059 3353 fuit,
1078 3298 1158 3360 quae
1177 3296 1192 3343 5

113 3444 117 3449 ,
137 3381 360 3456 postmortem
376 3371 410 3434 in
427 3370 520 3436 domo
535 3371 606 3437 eius
624 3383 746 3457 reperta
764 3381 820 3449 est,
839 3371 952 3455 inqua
970 3370 1081 3435 suadet
1093 3370 1160 3434 La

139 3465 358 3543 cedaemoniis,
377 3474 412 3528 ut
424 3464 516 3551 regia
532 3463 689 3550 potestate
704 3465 856 3531 dissoluta
873 3487 912 3530 ex
934 3464 1077 3550 omnibus
1096 3465 1161 3529 dux

139 3557 294 3643 deligatur
311 3558 351 3623 ad
367 3557 684 3645 bellum-gerendum,
705 3561 761 3624 sed
775 3559 899 3652 scripta,
917 3567 953 3623 ut
967 3559 1060 3624 deum
1074 3559 1161 3622 vide-

137 3659 225 3716 retur
238 3672 407 3737 congruere
421 3651 601 3729 sententiae,
620 3674 714 3736 quarn
726 3652 779 3718 ille
793 3674 827 3718 se
839 3647 1018 3717 habiturum
1027 3651 1161 3739 pecunia

137 3744 239 3810 fidens
267 3767 330 3808 non
352 3744 522 3811 dubitabat.
554 3746 635 3812 hano
657 3745 687 3811 ei
709 3746 872 3831 scripsisse
895 3744 996 3812 Cleon
1016 3744 1161 3811 Halicar-
1254 3794 1255 3798 ,

138 3838 247 3903 nasius
266 3838 387 3904 dicitur.

190 3931 249 3998 IV.
280 3930 388 4016 Atque
413 3934 474 4000 hoc
499 3935 568 4000 loco
594 3958 658 4001 non
684 3945 732 4001 est
756 3935 1016 4022 praetereundum
1042 3932 1160 4013 factum
1180 3953 1192 3998 1

138 4025 356 4105 Pharnabazi,
367 4029 498 4116 satrapis
510 4029 604 4128 regis,
632 4052 705 4095 nam
719 4052 791 4095 cum
798 4029 966 4182 Lysand‘pr
984 4027 1167 4112 praefectus
