2564 4410
481 280 766 341 EPAMINONDAS.
1095 270 1138 336 53

115 400 252 476 ctricam,
271 419 351 481 quae
364 419 427 462 non
441 396 534 460 modo
547 396 624 460 mihi
639 404 811 480 superstes,
830 396 993 460 sedetiam
1010 396 1139 462 immor-

116 492 187 556 talis
206 492 246 557 sit
263 513 393 555 necesse
412 493 490 554 est.“
524 500 586 573 quo
604 499 743 574 tempore
761 490 840 553 duce
858 488 1011 574 Pelopida
1028 491 1135 556 exules
1154 512 1171 558 3

116 586 244 651 Thebas
266 581 459 669 occuparunt
481 593 512 648 et
537 583 728 668 praesidium
749 583 1073 648 Lacedaemoniorum
1096 607 1136 649 ex

115 701 186 743 arce
204 676 398 763 expulerunt,
412 676 661 762 Epaminondas,
681 697 776 759 quam
793 675 848 740 diu
865 669 949 740 facta
962 685 1010 741 est
1023 678 1134 742 caedes
1238 681 1242 688 '

115 772 245 847 civium,
264 771 357 834 domo
376 792 410 834 se
427 769 535 846 tenuit,
554 770 640 854 quod
657 791 758 852 neque
776 769 875 834 malos
894 768 1061 835 defendere
1078 794 1134 836 vo-

114 864 200 929 lebat
211 886 312 947 neque
327 863 521 950 impugnare,
540 885 580 927 ne
593 886 705 928 manus
719 886 846 927 suorum
861 863 1011 950 sanguine
1024 886 1134 928 cruen-

114 966 203 1022 taret.
230 977 503 1041 namquesomnem
516 955 816 1021 civilem'victoriam
824 955 981 1020 funestam
993 956 1132 1040 putabat.

114 1052 207 1128 idem,
225 1059 392 1136 postquam
410 1050 495 1134 apud
514 1047 687 1114 Cadmeam
709 1071 781 1113 cum
797 1049 1058 1114 Lacedaemoniis
1075 1072 1134 1134 pu·
1219 1098 1222 1103 .

114 1167 210 1230 gnare
228 1144 340 1228 coepit,
358 1143 517 1227 inprimis
536 1143 629 1207 stetit.
655 1142 749 1206 huius
767 1143 806 1206 de
824 1141 989 1206 virtutibus
1008 1144 1132 1226 vitaque
1151 1164 1168 1211 4

115 1238 190 1302 satis
210 1238 267 1301 erit
285 1237 417 1313 dictum,
441 1237 468 1301 si
489 1236 549 1301 hoc
567 1258 664 1300 unum
683 1236 878 1314 adiunxero,
892 1235 977 1317 quod
994 1257 1087 1299 nemo
1107 1236 1133 1299 it

113 1331 238 1407 infitias,
254 1330 380 1395 Thebas
398 1339 430 1404 et
444 1339 518 1395 ante
526 1329 779 1415 Epaminondam
797 1337 950 1393 natumst
966 1338 1038 1414 post
1051 1328 1133 1394 eius-.

114 1425 187 1488 dem
207 1424 366 1488 interitum
387 1433 536 1509 perpetuo
564 1424 664 1488 alieno
686 1424 828 1508 paruisse
854 1423 999 1507 imperi03
1027 1431 1133 1487 contra

114 1541 160 1595 ea,
180 1539 275 1600 quam
292 1517 347 1580 diu
363 1517 416 1581 ille
433 1517 603 1602 praefuerit
619 1517 665 1581 rei
682 1517 839 1603 publicae,
859 1526 952 1601 caput
968 1515 1067 1580 fuisse
1084 1525 1132 1580 to-
1243 1528 1247 1533 ’

113 1612 175 1675 tius
198 1608 360 1676 Graeciae.
396 1632 436 1673 ex
460 1631 523 1692 quo
548 1610 680 1696 intelligi
705 1620 822 1695 potest,
849 1633 947 1674 unum
972 1610 1132 1676 hominem

112 1704 211 1789 pluris
229 1726 324 1787 quam
343 1703 500 1767 civitatem
517 1703 626 1768 fuisse.

397 1923 493 1989 XVI.
529 1922 845 1991 PELOPIDAS.

164 2075 190 2137 1.
220 2075 389 2160 Pelopidas
412 2076 582 2142 Thebanus
608 2078 710 2165 magis
736 2078 891 2143 historicis
914 2099 1010 2161 quam
1034 2077 1129 2163 vulgo
1154 2097 1167 2141 1

112 2177 214 2233 notus.
238 2170 326 2233 cuius
336 2170 376 2234 de
388 2170 552 2236 uirtutibus
567 2171 675 2237 dubito
688 2171 952 2255 quemadmodum
965 2192 1128 2256 exponam,
1188 2182 1191 2186 '

112 2261 196 2344 quod
213 2283 329 2340 vereor,
350 2265 377 2329 si
393 2286 444 2329 res
463 2265 616 2350 explicare
634 2265 790 2351 incipiam,
809 2288 849 2329 ne
866 2287 930 2329 non
947 2264 1044 2328 vitam
1062 2265 1128 2328 eius

111 2376 268 2433 enarrare,
296 2357 352 2420 sed
372 2356 534 2422 historiam
555 2358 663 2422 videar
685 2358 834 2436 scribere;
862 2359 889 2422 si
915 2357 1128 2421 tantummodo

112 2471 250 2512 summas
269 2449 414 2535 attigere,
432 2472 473 2519 ne
489 2449 620 2516 rudibus
631 2448 823 2517 Graecarum
840 2451 1012 2514 litterarum
1024 2449 1127 2514 minus

54 2580 58 2585 ·
110 2542 245 2607 dilucide
267 2552 428 2628 appareat,
455 2553 589 2628 quantus
612 2544 706 2609 fuerit
727 2545 779 2609 ille
796 2545 853 2609 vir.
884 2545 988 2627 itaque
1006 2544 1128 2628 utrique
1174 2586 1178 2592 -

109 2637 155 2700 rei
172 2658 346 2715 occurram,
365 2647 516 2722 quantum
533 2647 676 2723 potuero,
696 2648 727 2703 et
744 2638 893 2703 medebor
910 2646 978 2701 tum
996 2637 1129 2701 satietati

110 2739 178 2792 tum
190 2729 382 2815 ignorantiae
395 2731 555 2796 lectorum.
579 2731 761 2797 Phoebidas
771 2730 1042 2797 Lacedaemonius
1055 2751 1127 2793 cum
1145 2747 1160 2792 a

110 2823 281 2887 exercitum
300 2821 477 2908 Olynthum
498 2825 625 2889 duceret
646 2827 765 2909 iterque
782 2847 839 2910 per
856 2824 982 2888 Thebas
1000 2823 1125 2900 faceret,
1212 2867 1215 2871 -

110 2937 214 2980 arcem
227 2916 343 3001 oppidi,
353 2940 441 3001 'quae
452 2917 593 2983 Cadmea
609 2920 795 2996 nominatur,
810 2917 973 3003 occupavit
989 2916 1127 3001 impulsu

108 3030 279 3094 paucorum
288 3012 519 3091 Thebanorum,
538 3012 600 3096 qui,
620 3013 815 3078 adversariae
829 3012 956 3076 factioni
970 3033 1031 3094 quo
1049 3010 1127 3074 faci-

108 3104 169 3169 lius
186 3105 373 3183 resisterent,
392 3107 558 3172 Laconum
570 3107 664 3173 rebus
680 3107 859 3185 studebant3
877 3107 971 3190 idque
990 3127 1046 3170 suo
1063 3104 1126 3189 pri-
1195 3092 1200 3117 ¹

108 3206 190 3275 vato,
209 3221 274 3263 non
290 3196 415 3283 publico
433 3199 508 3265 fecit
525 3201 663 3266 consilio.
695 3223 757 3285 quo
775 3201 858 3265 facto
877 3222 948 3264 eum
965 3198 1126 3263 Lacedae·
1143 3211 1159 3259 3

108 3292 204 3357 monii
222 3292 262 3358 ab
281 3294 419 3359 exercitu
435 3305 634 3360 removerunt
654 3295 848 3380 pecuniaque
865 3293 1048 3367 multarunt,
1071 3313 1127 3355 ne-

68 3445 71 3451 .
108 3407 169 3468 que
196 3408 233 3451 eo
252 3388 353 3472 magis
377 3410 481 3452 arcem
498 3388 658 3454 Thebanis
681 3388 890 3463 reddiderunt,
914 3385 997 3468 quod
1021 3407 1126 3449 susce-

106 3477 169 3561 ptis
185 3478 354 3545 inimicitiis
370 3481 467 3545 satius
481 3481 636 3546 ducebant
655 3490 709 3547 eos
728 3480 864 3546 obsideri
881 3500 976 3562 quam
992 3478 1123 3543 liberari.

107 3592 181 3632 nam
197 3582 269 3654 post
276 3572 541 3659 Peloponnesium
557 3575 675 3663 bellum
684 3573 888 3656 Athenasque
902 3573 1039 3636 devictas
1054 3594 1125 3636 curn

108 3660 267 3729 Thebanis
282 3666 342 3732 sibi
353 3689 421 3732 rem
436 3690 505 3732 esse
520 3667 750 3745 existimabant,
766 3676 796 3731 et
810 3689 863 3732 eos
879 3687 948 3731 esse
963 3663 1055 3741 solos,
1071 3663 1125 3747 qui
1154 3742 1157 3746 Ι

106 3757 257 3823 advorsus
270 3761 414 3826 resistere
427 3760 585 3826 auderent.
597 3762 663 3826 hac
675 3769 778 3825 mente
788 3761 896 3826 amicis
910 3760 975 3824 suis
986 3779 1123 3822 summas
1142 3771 1159 3815 4

104 3859 276 3935 potestates
286 3852 434 3919 dederant
442 3854 630 3938 alteriusque
640 3853 948 3939 factionisprincipes
956 3849 1071 3935 partim
1078 3848 1125 3912 in·
1145 3856 1148 3861 ’

105 3943 299 4023 terfecerant,
318 3944 395 4012 alios
412 3947 446 4011 in
463 3946 591 4012 exilium
605 3948 766 4027 eiecerunt,
784 3948 817 4011 in
834 3941 1123 4031 quibusPelopidas
1184 4010 1187 4015 ,

105 4035 170 4116 hic,
188 4039 228 4103 de
246 4061 309 4124 quo
327 4040 461 4107 scrihere
479 4042 582 4107 exorsi
600 4064 723 4119 sumus,
741 4042 850 4127 pulsus
869 4036 970 4124 patria
988 4034 1122 4100 carebat„
